2856 4800
301 308 476 378 Quaestionss
494 307 527 363 ds
543 308 621 366 Aelio
637 306 769 378 Dionysio
787 311 816 363 et
832 308 969 367 Pausania
986 311 1121 368 atticistis.
1227 309 1287 370 22?

131 482 320 566 νυκτερινοὶ
338 478 430 556 κύνες
450 479 600 564 λέγονται
623 478 656 544 οἱ
678 478 779 559 λύκοι,
803 479 893 546 ’ἐστιν
910 476 1016 566 εὑρεῖν
1039 480 1078 547 ἐν
1099 494 1187 558 σοῖς
1209 506 1289 547 πα·

132 582 287 657 λαιαῖς.
332 580 474 659 Quorum
505 581 659 647 nonnulla
686 580 806 648 habant
828 584 924 648 otiam
948 583 1082 651 Photius
1105 605 1130 650 s.
1146 604 1176 649 ιι.
1193 583 1288 648 λυκα-

131 684 279 772 φιλλυις,·
300 675 402 769 ἠλύγη
412 710 423 763 ,·
445 684 627 767 νυκτερινοὶ
641 680 747 762 κύνες,
771 683 947 750 scholiasta
961 685 1043 750 Plat.
1059 706 1090 769 p.
1105 685 1200 753 320ss
1221 707 1287 753 au.

131 781 430 872 ἐπηλυγασάμενας
454 780 504 868 [of.
524 783 610 851 (lios.
631 785 691 850 l.c.
710 805 741 868 p.
756 781 816 869 13],
841 785 959 851 Snidas
981 786 1039 852 sub
1063 786 1176 853 eadam
1198 807 1287 855 uoco.

223 891 252 952 7.
282 888 332 952 Et.
348 887 390 956 M.
413 907 444 970 p.
457 889 530 968 247,
542 888 598 950 36:
622 883 641 948 δ
649 883 740 949 ανά·
762 882 804 949 τὰ
824 883 904 972 ξηρὰ
929 883 1019 962 ξύλα,
1054 877 1139 950 ούτω
1161 889 1218 954 καὶ
1241 887 1289 965 εἰς

128 987 172 1056 τὸ
199 986 390 1076 ῥητορικόν·
414 985 485 1052 οἶον
505 981 577 1055 ‘aa
591 1009 628 1050 τε
644 984 724 1062 ξύλα
740 984 824 1054 δανὰ
839 979 970 1052 κεύσαι’
986 983 1123 1072 [Gallim.
1139 1010 1170 1056 ιι.
1183 1013 1201 1054 ο
1215 987 1287 1075 321]

132 1140 196 1160 ...
219 1079 241 1176 ἢ
263 1086 357 1176 παρὰ
380 1086 416 1154 τὸ
442 1088 527 1156 δαίω
549 1085 587 1153 τὸ
609 1092 713 1170 καίοι,
741 1085 783 1152 σὰ
807 1087 855 1165 εἰς
875 1091 991 1155 καῦσιν
1014 1087 1203 1176 ἐπιτήδεια,
1234 1086 1288 1156 εύ-

131 1211 263 1260 κααστα
283 1194 407 1276 δέρμα.
452 1190 581 1274 Optime
611 1192 750 1258 concinit
771 1192 948 1259 Pausanias
975 1192 1063 1276 apud
1085 1193 1287 1262 Eustathium

131 1317 165 1382 p.
182 1295 328 1378 1241‚48
352 1289 445 1377 [adi.
467 1288 621 1376 no.124]:
649 1296 898 1370 Παυσανίας
920 1292 956 1357 δὲ
979 1291 1063 1360 δανὰ
1083 1291 1126 1359 τὰ
1148 1297 1289 1361 τοιαῦτα

133 1393 218 1474 ξύλα
240 1394 421 1462 καλεῖσθαι
442 1392 548 1479 δηλοῖ.
586 1393 671 1480 φησὶ
692 1386 771 1479 γάρ·
800 1392 899 1473 δανά,
930 1386 1088 1460 εύκέαστα
1117 1391 1288 1481 [corrigan-

133 1498 214 1566 dum
230 1503 280 1563 est
297 1515 370 1563 cum
385 1497 505 1562 Moiero
526 1515 568 1562 ox
583 1495 741 1580 Hesychii
763 1498 885 1579 glossa:
909 1494 1003 1574 δανά,
1028 1495 1119 1583 ξηρά,
1141 1496 1288 1581 καύσιμα

134 1596 219 1676 ξύλα
241 1605 273 1665 et
294 1619 336 1664 ox
350 1598 536 1682 Etymologi
559 1597 697 1663 lectione
718 1603 807 1665 ronta
828 1598 862 1664 in
884 1591 1068 1683 εύκαυσταλ,
1093 1596 1174 1685 ξηρὰ
1192 1597 1287 1686 παρὰ

131 1698 173 1768 σδ
198 1698 371 1765 δαίεσθαι.
416 1694 737 1765 811ἰδκειδανύ·τδ
761 1694 842 1784 ξηρὰ
865 1696 955 1774 ξύλα.

223 1800 390 1871 8.]6661
413 1822 444 1885 p
458 1803 530 1884 349,
543 1801 600 1864 43:
624 1794 790 1882 ἒξωμλς·
811 1796 913 1879 χιτών
928 1791 998 1882 ἅμα
1013 1801 1119 1865 τεκαὶ
1138 1799 1287 1884 ἱμάτιον·

132 1886 173 1989 ἦν
196 1899 260 1987 γὰρ
288 1849 551 1987 ἑτεραμύσχαλδς
578 1901 632 1966 καὶ
664 1892 830 1986 ἀναβολὴν
853 1895 984 1981 εἶχεν
963 1925 1004 1987 ην
1027 1893 1203 1968 ἆνεδοῦντο
1231 1927 1286 1970 κο·

134 1996 280 2090 σύμβην·
304 2000 424 2088 διόπερ
445 2004 502 2067 καὶ
525 2026 557 2072 οι
548 1999 756 2084 ‘capsaci'
742 1994 800 2066 εντ’
827 1995 943 2088 αὐτῆς,
970 2002 1055 2070 ποτὲ
1076 2002 1136 2086 μὲν
1159 2001 1286 2082 ἐ’νδνθι,
1313 1999 1316 2005 ’

132 2129 220 2228 ηαστε
208 2103 272 2170 δὲ
289 2097 476 2187 διναβάλλου
492 2108 579 2190 φασ
580 2128 608 2169 ν
634 2088 674 2188 ἦν
690 2102 726 2168 δὲ
740 2128 807 2169 των
823 2099 981 2170 δούλωνί
963 2129 981 2170 ο
997 2107 1149 2183 τοιοῦτος
1167 2104 1286 2188 χισων·

134 2202 152 2274 δ
179 2199 212 2271 δ’
232 2199 494 2293 ἆμφιμάσχαλος
515 2207 581 2270 ταῖν
601 2202 786 2288 ἐλευθέρων
808 2206 863 2270 καὶ
887 2198 998 2271 ἇσσιῦν
1020 2199 1079 2272 αύκ
1101 2204 1287 2273 traconensi-

134 2307 202 2388 ζειν
224 2305 302 2385 τούς
329 2311 523 2392 βραχίονας
555 2329 587 2370 οι
577 2302 646 2370 δ
631 2303 824 2392 ὲνειοτεροι
850 2307 907 2372 καὶ
933 2305 1117 2388 θοιμάτιον
1140 2305 1288 2390 ἐξωμίδα

133 2409 173 2478 νδ
196 2407 314 2496 μικρὸν
329 2433 371 2474 κα
374 2400 539 2483 λεύτελές.
574 2405 739 2494 ῥητορικύ.
777 2407 879 2486 Qua
870 2430 904 2475 m
925 2410 1035 2491 glossa
1055 2408 1248 2478 rhetorica
1239 2431 1287 2477 ιιι

134 2532 208 2582 asso
223 2519 257 2579 at
244 2514 433 2578 tticistarum
449 2509 627 2578 doctrinam
643 2511 790 2578 censebis
805 2511 879 2578 coll.
895 2510 1064 2578 Eustathso
1078 2532 1111 2597 p
1126 2513 1219 2596 1166,
1230 2516 1286 2578 51.

135 2617 324 2701 σημείωσαι
347 2602 424 2677 δὲ”
405 2635 459 2676 oca
487 2611 585 2695 περι
606 2609 791 2691 χιτώνων
812 2612 881 2678 καὶ
903 2604 1075 2679 τοιαύτά
1097 2635 1225 2699 φασιν
1248 2613 1287 2683 ολ

134 2715 330 2781 παλαιοί·
302 2710 454 2831 λοχιτῶν
476 2736 493 2777 ο
483 2706 640 2788 ’ζωστὸς
660 2713 717 2777 καὶ
738 2724 939 2795 γυναικεῖος·
963 2707 1041 2776 ὅδὲ
1064 2705 1215 2797 ἀνδρεῖος
1234 2738 1287 2793 χι

134 2821 304 2894 σιννλσκος,
328 2839 346 2880 ο
362 2836 450 2889 τινες
465 2808 707 2898 επενδύσην,
671 2835 709 2877 το
728 2811 763 2877 δὲ
748 2808 881 2896 ὲβραχδ
894 2809 1166 2893 χιτωνισκάριαν
1186 2836 1287 2893 χιτω-

135 2943 208 2989 κιον
231 2916 341 2983 δὲκαὶ
367 2912 567 3000 χιτωνύριον
594 2909 718 2978 λεπτὸν
739 2910 863 2994 ἔνδυμα
889 2925 1074 2996 γυναικεῖον
1095 2913 1286 2990 πολυτελές.

136 3017 350 3101 Μένανδρος·
377 3011 569 3102 ςλελουμένη
591 3012 655 3102 γὰρ
677 3009 696 3104 ἡ
718 3006 849 3101 ’σαύρας
877 3014 934 3081 καλ
957 3012 1120 3103 διαφανὲς
1144 3014 1287 3097 χιιαινάν

137 3145 209 3207 ηιαν
232 3109 381 3201 ἔχουσα.
416 3110 677 3205 Ἀριστοφάνης·
697 3111 804 3194 ςἔνδος
824 3114 863 3185 so
886 3128 1070 3201 γυναικεῖον
1092 3115 1167 3184 ταδὶ
1185 3115 1286 3197 xanct-

136 3213 236 3291 vson'
272 3225 399 3283 ταῦτα
420 3216 576 3294 Αἴλιος
604 3215 847 3297 Διονύσιος,
878 3209 962 3302 παρ’
988 3209 1016 3300 ᾧ
1043 3217 1100 3281 καὶ
1130 3207 1183 3281 ὅτι
1207 3239 1286 3301 χορ-

135 3335 232 3398 σσῑος
247 3345 265 3386 ο
254 3315 454 3396 ίδασδςκαὶ
468 3316 768 3402 μαλλωσδςχισών.
795 3319 850 3383 καὶ
865 3316 978 3397 πάλιν,
998 3327 1164 3400 χορταῖος,
1183 3314 1286 3398 χιτών

137 3420 337 3513 νιοδηηηςῇ
320 3447 402 3505 εχαιυ
421 3420 578 3506 χειρλδας.
618 3409 855 3500 δλλαχοῦδὲ(
842 3411 896 3485 ύνι
915 3418 1057 3498 χιτῶνας
1077 3411 1167 3496 ελδας
1186 3414 1284 3505 καὶὴ

138 3525 268 3608 iscula·
304 3519 524 3608 scaniensis
543 3540 628 3608 φησι
653 3516 757 3602 χιτών
784 3512 854 3603 ύμα
879 3519 936 3589 καὶ
965 3516 1101 3603 ἱμάτιον
1126 3517 1164 3588 εδ
1195 3517 1285 3591 αύσό

137 3629 265 3696 Aslinm
288 3635 396 3694 autam
417 3625 609 3708 Dionysium
632 3624 794 3694 noenius
785 3645 819 3696 m
839 3624 947 3694 lonico
968 3643 1028 3693 sno
1049 3622 1112 3692 has
1133 3621 1174 3691 dc
1196 3628 1286 3692 neate

137 3732 244 3814 agisse
266 3730 410 3796 declarat
425 3727 638 3810 Etymologus
658 3726 732 3792 coll.
751 3725 925 3794 scholiasta
939 3724 1073 3792 anniani
1097 3719 1160 3806 [sd.
1176 3723 1284 3790 Iacob.

139 3833 178 3900 st
200 3833 257 3904 ual
276 3830 408 3898 Baalim.
424 3828 509 3897 AGr
525 3828 566 3893 11
581 3848 614 3912 p.
628 3829 701 3907 331λ
690 3823 732 3913 λλ]
756 3834 789 3895 ot
805 3828 1005 3900 Photiosu.
1022 3819 1286 3906 ἑτερομάσχαλας

138 3940 172 4000 ct
186 3934 287 4000 schol
298 3932 395 4000 Arist.
407 3929 450 3997 ad
461 3948 600 4014 scopo
611 3932 673 3999 444
687 3948 753 3995 au.
766 3925 869 4009 λξιυμλ
871 3925 952 3999 διον.
981 3923 1164 3993 Scholiasta
1178 3932 1285 3996 autom

138 4034 216 4101 Luc
239 4033 322 4106 hacc
344 4054 386 4108 ox
408 4033 504 4103 Aelio
525 4031 683 4116 Dionysio
711 4031 895 4115 dcscrlpsit:
928 4022 1150 4113 δ’ἔνιμλς]
1114 4050 1153 4096 σο
1183 4013 1264 4095 cl
1204 4025 1285 4112 λην
