2856 4800
136 302 199 361 220
579 295 713 352 Hanrlcus
731 294 844 366 Heydcn

136 475 258 543 iontem
271 472 369 537 fuisse
384 469 587 536 Pausaniam.
624 467 673 534 Ac
687 467 831 552 profecto
847 464 901 533 hic
915 464 1056 532 atticista
1077 465 1111 529 in
1127 463 1287 531 Eustathii
1309 486 1332 587 y

137 579 209 644 loco
231 575 332 640 altero
355 591 387 654 p.
402 573 483 635 1353
506 570 593 636 latet.
631 570 745 651 Neque
761 568 845 634 enim
869 565 923 634 hic
944 566 1045 634 solam
1059 566 1214 650 Dionysii
1236 582 1332 655 ιιι-ιι

137 676 329 764 positionem
343 673 512 758 repetitam
528 691 609 755 esse,
632 690 744 736 uerum
759 670 856 736 etiam
877 668 947 735 istis
969 668 1077 736 uerbis
1099 668 1168 734 alia
1191 688 1332 753 oppo

137 779 200 844 sita
221 775 378 860 uidemus,
403 779 595 858 quaesunt·
624 765 732 856 iacun
756 757 1033 855 ιιῆκοοιςιὸ
1056 770 1185 852 γένειον
1208 765 1288 833 κατά
1327 769 1332 835 ἑ

136 902 246 958 τινας,
270 899 352 962 quae
375 878 567 945 Pausaniam
588 874 725 960 prodere
748 874 902 957 suspicor.
942 872 1051 938 Verba
1071 877 1182 938 autem
1206 893 1324 941 com

137 986 314 1049 memorata
329 980 464 1046 obscura
479 984 561 1060 sunt,
585 998 669 1095 cum
670 977 832 1042 neminem
846 974 985 1041 futurum
1001 992 1072 1041 osse
1095 975 1290 1059 existimem,
1319 934 1333 1044 ι

138 1085 194 1169 qui
219 1081 300 1148 mihi
323 1081 426 1162 dicat,
456 1079 534 1162 quid
556 1079 611 1144 sil:
638 1070 761 1164 ‘vesjau
785 1081 834 1144 esi
854 1075 973 1150 κοινῶς
1002 1075 1103 1142 barba
1130 1075 1255 1142 labri
1247 1097 1291 1142 ιιι·

137 1186 264 1253 ferioris
291 1178 344 1267 [=
365 1172 529 1265 γένειονΓ,
560 1180 711 1262 quoniam
738 1198 780 1245 ex
801 1177 966 1262 Hesychio
996 1167 1159 1264 [enpust
1139 1200 1179 1254 ος
1201 1173 1292 1244 ἐστιν
1324 1186 1333 1241 l

136 1281 205 1352 ὑπὸ
221 1281 280 1370 σὴν
303 1283 378 1369 ῥῖνα
395 1277 511 1365 τόπος]
535 1282 652 1348 scimus
673 1274 803 1366 ὑπήνην
825 1281 859 1345 in
880 1281 971 1346 labro
993 1279 1333 1365 superimmissa}

137 1387 372 1506 Exspectamus
399 1388 455 1468 pot
456 1384 505 1450 ius
527 1403 585 1450 nos
609 1383 746 1450 lecturos
770 1400 840 1449 esse
862 1388 917 1447 aut
938 1374 1047 1467 ὑπήνη
1071 1367 1150 1445 δὲ
1127 1403 1149 1466 η
1172 1403 1293 1458 κοινως
1330 1414 1333 1419 -

138 1484 222 1554 κατά
237 1508 330 1561 τινας
345 1490 411 1567 aut,
425 1489 460 1549 ut
474 1483 562 1569 apud
577 1483 725 1548 Photium
728 1483 990 1566 ,Etymologum
1007 1474 1198 1549 Suidam·‘
1179 1480 1292 1570 υιιήνφ

140 1578 226 1655 δὲ
204 1614 225 1675 η
253 1587 372 1661 κοιναῖς
400 1582 544 1668 μύσιαξ,
573 1587 714 1668 γένειον,
743 1606 867 1668 πωγων
894 1580 978 1648 κατά
999 1606 1109 1663 τινος,
1139 1583 1175 1651 id
1204 1584 1294 1668 quod

140 1693 260 1777 optime
283 1686 485 1757 confirmatur
506 1686 661 1770 Hesychii
683 1687 791 1770 glossa
812 1679 939 1772 ὑπήνη·
969 1687 1095 1768 γένειον
1115 1676 1194 1770 ἤτοι
1216 1683 1292 1751 πώ-

137 1816 214 1878 γων,
239 1785 335 1856 ἄλλοι
355 1785 486 1872 μύσιαξ
506 1781 603 1854 ἄλλοι
624 1782 744 1874 ὗνιήνη,
767 1779 804 1864 ὅς
827 1785 899 1852 ἐστι
919 1780 986 1851 ὕπὸ
1002 1782 1062 1871 τὴν
1077 1785 1155 1873 ῥῖνα
1174 1784 1292 1864 τόπος.

52 1935 57 1942 ·
147 1914 175 1965 ,·
226 1899 255 1961 9.
285 1895 335 1960 Et.
350 1893 392 1958 M.
416 1913 448 1977 p.
462 1895 533 1976 771,
548 1894 600 1956 11:
630 1887 785 1973 ιρύζει·
814 1887 999 1972 ψιθυριζει,
1023 1886 1181 1974 γογγύζει,
1208 1881 1293 1975 ἇσή-

139 2014 211 2078 μ’ως
238 1993 346 2058 λαλεῖ*
375 1983 460 2079 παρ’
485 1988 504 2057 ὃ
530 1991 586 2056 καὶ
613 1985 633 2076 ἡ
663 1988 805 2074 τρυγών,
837 1985 910 2055 ἐπεὶ
939 1983 1076 2076 ἀσήμως
1105 1994 1294 2077 φθέγγεται

139 2097 195 2170 καὶ
217 2096 446 2180 γογγοσιικώς.
481 2088 646 2179 ῥητορική.
683 2092 754 2159 Ηια
776 2093 809 2157 in
832 2094 1033 2178 expositione
1048 2114 1190 2177 agnomo
1205 2094 1294 2162 Aelii

139 2197 289 2281 Dionysii
311 2194 488 2282 doctrinam
510 2195 625 2262 collato
648 2193 817 2260 Eustathio
839 2214 870 2278 p.
884 2197 956 2279 229,
970 2198 1024 2260 21:
1051 2198 1164 2261 καίτοι
1185 2198 1294 2282 φασιν

141 2298 181 2365 ol
203 2297 382 2387 παλαιοὶ
404 2287 458 2362 ὅτι
474 2289 591 2370 ἁπλῶς
611 2293 671 2377 μὲν
685 2292 865 2374 σιτίζουσιν
888 2294 921 2360 ol
944 2300 1086 2376 νεοσσοί,
1109 2290 1294 2364 καθεσιιό-

140 2425 235 2486 μενοι
250 2398 286 2466 δὲ
300 2395 477 2485 ιριζοοσιν.
515 2395 586 2464 ἔστι
609 2395 645 2461 δὲ
666 2395 788 2484 τρίζειν
809 2394 847 2461 τὸ
868 2394 991 2463 λεπτὸν
1013 2389 1103 2482 ἠχεῖν
1125 2395 1211 2463 κατὰ
1234 2397 1296 2476 τὰς

140 2500 346 2587 νυκτερίδας
377 2501 414 2564 αἳ
398 2498 489 2564 ικαὶ
514 2492 688 2564 concil
633 2522 672 2582 τρ
676 2496 755 2575 ίζειν
778 2498 947 2581 λέγονται,
978 2491 1023 2574 ὡς
1049 2493 1067 2564 ὁ
1091 2496 1239 2586 ποιητὴς
1261 2498 1295 2566 ἐ

140 2626 186 2687 τῳ
174 2601 299 2666 τέλει
319 2601 377 2685 τῆς
394 2592 590 2675 Ὀδυσσείας
618 2601 712 2684 φησι.
750 2596 787 2662 τὸ
811 2601 926 2681 μέντοι
947 2592 1137 2724 σρρζειν,’
1119 2592 1183 2687 αφ’
1211 2594 1293 2688 oin}

140 2726 277 2792 τριγων,
298 2699 592 2823 τραχνφωνόιερόν
608 2695 709 2767 ἐστιν.
743 2705 929 2788 σημείωσαι
946 2692 1016 2766 ὄὲ”
996 2726 1050 2767 στι
1071 2699 1106 2767 ἐκ
1126 2704 1186 2767 τοῦ
1206 2708 1295 2769 τιτι-

142 2805 208 2885 ζειν
229 2829 249 2868 τ
251 2810 316 2881 cccc
343 2799 428 2869 κατὰ
449 2801 607 2868 Αἴλιον
628 2800 859 2868 Διονύσιον
888 2794 1031 2887 βραχὺ’
1016 2826 1075 2888 σρν
1077 2807 1171 2870 cesos
1192 2791 1214 2890 ἢ
1236 2808 1296 2872 καὶ

141 2908 211 2971 πᾶν
232 2926 318 2991 φησι
344 2903 462 2991 μικρὸν
492 2896 692 2990 ορνίθισνί
675 2901 754 2969 υπὸ
785 2906 864 2968 τῶν
893 2905 1089 2970 παλαιῶν
1118 2896 1204 2970 οὕτω
1234 2932 1294 2972 κα-

142 3007 259 3072 λεῖται.
303 3003 413 3091 ἕτερος
443 3003 480 3070 δέ
507 3028 559 3081 ιις
586 3005 654 3069 κτλ.
705 3005 798 3093 Patet
830 3007 927 3089 igitur
959 3007 1216 3074 obseruationem
1252 3009 1293 3076 do

141 3108 249 3175 uerbis
271 3107 568 3190 onomatopoietiois
590 3102 725 3182 σιτίζειν
747 3104 869 3189 τρίζειν
890 3104 1033 3191 τρύζειν,
1063 3128 1146 3191 quae
1170 3114 1219 3177 est
1241 3130 1294 3177 us·

142 3230 205 3293 que
225 3207 270 3287 ad
292 3227 468 3295 pronomen
491 3204 617 3287 ἕτερος,
648 3226 690 3274 ex
711 3207 911 3291 Dionysiano
933 3209 1039 3276 lexico
1068 3209 1292 3295 depromptam

143 3328 229 3394 esse,
261 3310 313 3377 cui
335 3309 508 3394 explicatio
530 3308 704 3392 persimilis
726 3308 877 3377 adiuncta
905 3316 953 3378 est
981 3306 1093 3393 ἑτέρου
1123 3311 1292 3379 cuiusdam

142 3412 164 3488 i.
176 3430 215 3492 a,
239 3429 311 3476 cum
325 3410 437 3477 Aelius
452 3410 626 3494 Dionysius
642 3409 820 3493 antecedat,
838 3412 1029 3479 Pausaniae.
1065 3411 1145 3478 (lum
1159 3413 1293 3498 Etymo·

142 3513 209 3596 logi
238 3513 346 3595 glossa
374 3512 544 3577 concinunt
575 3516 703 3595 praeter
730 3510 880 3579 Photium
912 3514 1009 3579 etiam
1041 3514 1293 3599 lexicographus

141 3614 273 3683 Bachm.
298 3617 330 3678 et
351 3611 478 3678 Suidas.
533 3684 535 3688 ς

146 3764 154 3773 .
230 3718 279 3780 10.
304 3713 355 3779 ut.
370 3712 412 3777 M.
435 3732 466 3796 p.
480 3715 551 3797 791,
565 3715 597 3778 8:
622 3711 823 3799 φέψαλος·
841 3710 992 3799 σπινθὴρ
1008 3709 1026 3780 o‘
1043 3706 1293 3802 ἀναφερόμενος

144 3811 265 3879 ἐκτῶν
286 3815 469 3896 καιομένων
492 3811 606 3890 ξύλων.
640 3811 808 3901 ῥητορική.
841 3815 956 3899 Neque
978 3817 1085 3884 aliena
1107 3816 1205 3885 habet
1225 3820 1292 3888 Eu·

143 3914 279 3982 stathius
300 3936 333 3999 p.
348 3918 439 4002 1802,
453 3917 509 3982 63:
540 3914 693 4002 φέψαλοι
720 3913 782 4000 γάρ
806 3936 912 4000 φασι
938 3912 1017 4001 [scil.
1041 3917 1078 3982 ol
1100 3917 1293 4008 παλαιοί]

142 4015 198 4081 καὶ
222 4011 429 4100 φιψάλογες,
459 4009 505 4083 ὦν
523 4018 640 4103 χρῆσις
666 4019 723 4083 καὶ
744 4012 838 4102 παρὰ
860 4015 1074 4104 Λυκόφρονι·
1104 4022 1292 4107 σπινθῆρες
