2856 4800
175 331 178 337 ’
296 319 475 389 omousios
493 318 528 374 do
544 318 622 375 Aelio
639 318 771 389 Dionysio
789 322 817 375 st
834 318 971 375 Pausania
987 319 1121 375 allisistis.
1223 320 1285 379 215

128 512 289 579 compara
308 492 481 559 atticistam
504 491 592 575 apud
610 491 812 558 Eustathium
834 512 866 575 p.
881 496 973 575 1356,
986 498 1026 556 57
1039 494 1077 570 ¹):
1101 496 1286 579 σημείωσαι

129 592 163 661 dl
183 584 247 661 ότι
269 594 396 659 πολλαὶ
420 591 540 673 λέξεις,
563 592 671 659 πάλαι
693 592 779 658 ποτὲ
800 596 911 676 μέσως
934 592 1123 677 λεγόμεναι,
1152 586 1288 680 ὕστερον

129 692 186 763 lul
204 686 269 761 σῧκ
284 686 407 781 ἆγαθῴ
422 692 617 782 ἐδέχθησαν,
640 686 756 779 ὥσπερ
777 698 833 761 καὶ
855 693 976 780 μιαρὸς
998 693 1092 778 παρὰ
1108 709 1181 774 τοῖς
1201 690 1284 781 μεθ’

123 788 275 885 Ὅμηρον
296 792 315 862 ὂ
339 795 493 879 λυμάτων
516 791 625 877 άξιος,
657 788 677 861 ό
699 794 770 862 έστι
793 795 952 883 ῥυπαρός,
976 796 1112 880 λιμεοῖν,
1136 791 1290 886 ἇκαθαρ-

128 922 199 981 τος,
223 890 314 965 οὕτω
332 899 386 965 καὶ
404 890 498 984 άγιος
519 896 624 983 παρὰ
643 911 728 975 τοῖς
751 899 953 975 παλαιοῖς
975 890 1013 963 οὗ
1027 896 1129 981 μόνον
1144 893 1162 965 ό
1178 904 1290 965 καθα-

131 998 202 1087 ρός,
227 992 314 1067 ἇλλὰ
336 1002 392 1067 καὶ
415 996 433 1066 ό
457 998 578 1086 μιαρὸς
600 998 715 1066 διὰτὸ
739 1003 797 1066 τοῦ
821 993 920 1087 άγοες
942 999 1165 1089 ὄιπλόσημον·
1194 1000 1230 1079 ἐξ
1251 997 1290 1068 οὗ

131 1103 186 1170 καλ
203 1094 224 1169 ὅ
240 1098 360 1189 ἕναγὴς
381 1104 436 1169 καὶ
460 1096 477 1167 ὃ
503 1095 630 1189 εῧαγής.
666 1104 720 1167 καὶ
745 1088 786 1167 αὖ
809 1101 913 1169 πάλιν
936 1098 953 1168 ό
978 1101 1148 1188 ἐξάγιστος
1169 1106 1225 1169 καὶ
1246 1102 1289 1169 τά

133 1202 243 1291 τούτῳ
260 1202 404 1285 ἐναντία,
426 1200 446 1291 ἡ
464 1199 616 1290 ἆγιστεὶα
631 1206 686 1269 καὶ
701 1203 739 1269 τὸ
755 1203 984 1290 καθαγιάζειν.
1020 1197 1105 1270 οὕτω
1126 1209 1183 1273 καὶ
1203 1209 1290 1294 (γαῦ-

135 1306 192 1373 lov
215 1298 256 1372 σι’)
277 1304 381 1390 μόνον
399 1304 438 1372 τὸ
454 1305 620 1394 κακόηθες
642 1301 689 1383 ὥς
710 1304 805 1391 παρὰ
819 1310 1032 1394 Δημοσθένει
1058 1307 1154 1395 δηλοῖ
1173 1307 1228 1374 τό·
1253 1301 1290 1375 or'·

135 1406 197 1493 γὰρ
214 1404 247 1473 εἰ
263 1406 407 1493 φαύλοις
427 1403 522 1490 ὑμεῖς
545 1406 730 1490 σιμμάχοις
749 1410 889 1494 χρῆσθε,
913 1401 998 1472 άλλὰ
1020 1409 1075 1473 καὶ
1093 1408 1131 1473 τὸ
1149 1402 1290 1495 άγαθόν,

137 1504 181 1587 ὥς
203 1500 405 1598 Εὗρεπέόης·
435 1511 579 1597 (γαῦλον,
609 1509 756 1594 κόμψον,
787 1509 942 1592 τάχιστον
970 1506 1150 1595 [lectionem
1176 1514 1290 1597 integr.

138 1612 176 1679 σί
197 1612 232 1679 in
253 1612 439 1697 Etymologi
461 1609 624 1699 articulo],
655 1607 728 1678 odel
758 1611 861 1695 μόνον
884 1610 943 1678 ἐπὶ
964 1616 1144 1697 μεγέθους,
1177 1608 1223 1689 ὦς
1250 1612 1288 1678 τό

139 1712 266 1801 φαῦλον
290 1711 414 1797 στόμα,
444 1707 528 1779 άλλὰ
550 1716 606 1780 καὶ
635 1712 690 1779 ἐπὶ
720 1713 954 1801 σμικρότητος,
985 1706 1069 1780 όθεν
1095 1715 1151 1780 καὶ
1181 1713 1290 1802 φαύλη

141 1814 233 1882 iloto
253 1810 274 1901 ἦ
298 1814 534 1902 μικρόκαρπος,
560 1811 577 1901 ἦ
600 1817 656 1881 καὶ
679 1816 816 1903 osolla,
839 1819 992 1903 γινομένη
1017 1818 1121 1903 φασὶν
1145 1814 1179 1881 ἐκ
1200 1822 1291 1882 κοτέ-

141 1940 194 1983 ιοο
213 1920 378 1994 κοπέντος
399 1919 453 1983 καὶ
476 1922 797 2001 μεταφετεεθέντος.
837 1919 966 2002 λέγεται
989 1917 1026 1982 δέ
1047 1939 1132 2005 φασι
1163 1918 1291 2006 φαῦλον

141 2017 245 2085 καὶτὸ
262 2014 394 2085 ἁπλοῦν
416 2022 472 2086 καὶ
494 2024 637 2105 μέτριον,
660 2023 714 2087 καὶ
739 2019 876 2108 ιγαόλιος
898 2017 935 2086 τὸ
961 2015 1079 2098 ἆπλιῦς
1100 2020 1156 2087 καὶ
1178 2016 1291 2108 ἡσυχῇ.

140 2112 398 2209 Ἀριστοφάνης·
430 2119 568 2208 φαύλως
596 2125 692 2208 (μέρει
721 2120 836 2188 νῦντὸ
860 2120 970 2188 κακόν.
1016 2123 1062 2190 Of.
1085 2123 1293 2191 scholiastam

141 2222 220 2291 Plat
243 2244 277 2309 p.
291 2218 398 2289 33ΤΒ.
442 2225 653 2308 Etymologus
676 2226 790 2309 igitur,
820 2227 876 2308 qui
898 2227 993 2308 longe
1017 2226 1171 2308 optimam
1197 2224 1291 2293 huius

139 2326 267 2411 glossae
286 2326 424 2393 formam
445 2327 589 2410 praebet,
613 2328 716 2409 ipsam
733 2327 902 2410 atticistae,
925 2333 960 2392 ut
981 2332 1111 2411 propter
1134 2328 1293 2409 permulta

139 2427 323 2495 matimonia
355 2427 488 2511 opinor,
521 2427 607 2493 Aelii
641 2427 790 2511 Dionysii
824 2427 1002 2493 doctrinam
1035 2417 1205 2503 αὐτολεξει
1236 2426 1291 2494 de·

136 2529 284 2615 scripsit,
313 2528 502 2595 Eustathius
524 2535 631 2595 autem
662 2535 694 2595 et
721 2529 895 2597 scholiasta
917 2530 998 2596 Plat.
1028 2550 1086 2615 pro
1114 2550 1174 2598 usu
1203 2529 1293 2597 illam

137 2650 332 2714 excerpsere
354 2631 408 2696 uel
430 2631 669 2698 circumcidere.

223 2736 254 2798 4.
284 2733 334 2798 nt.
349 2731 391 2796 M.
415 2751 446 2816 p.
461 2734 534 2816 784,
546 2736 587 2795 40
614 2752 637 2798 s.
654 2753 684 2798 u.
707 2725 949 2813 ὑπιομοσέα·
978 2728 1015 2794 τὸ
1039 2725 1292 2815 ὑπερτίθεσθαι

133 2832 232 2921 δίκην
244 2832 303 2898 καὶ
318 2824 573 2917 ἀναβάλλεσθαι
589 2829 762 2919 προφάσει
777 2829 946 2917 χρώμενον
962 2823 1137 2918 ἀποδημίᾳ
1159 2818 1180 2917 ἢ
1202 2829 1292 2918 νόσῳ

131 2930 158 3023 ἥ
178 2958 249 3001 τινι
270 2936 338 2999 τῶν
359 2935 608 3021 παραπλησίων
629 2926 713 3016 μεθ’
740 2926 838 3020 ὅρκον
862 2925 966 3011 οὕτως
996 2930 1140 3019 ἐλέγετο·
1169 2935 1225 3000 καὶ
1253 2929 1291 2999 τὸ

133 3048 252 3105 ποιεῖν
267 3038 364 3102 τοῦτο
380 3031 611 3119 ὗπόμνοσθαι.
643 3034 808 3123 ῥητορική.
847 3036 1048 3121 Quamquam
1064 3058 1135 3105 cum
1155 3037 1217 3104 hac
1239 3039 1293 3104 ob·

136 3140 324 3209 seruatione
338 3146 460 3206 certum
475 3140 686 3223 fragmentum
709 3141 893 3206 alterutrius
916 3141 1076 3207 atticistae
1099 3137 1293 3206 contendero

137 3262 206 3309 non
220 3261 362 3327 possum,
386 3248 492 3308 tamen
507 3262 571 3306 non
586 3240 698 3307 dubito
714 3241 798 3307 hanc
812 3242 953 3325 glossam
968 3240 1161 3306 rhetoricam
1176 3240 1292 3323 glossis

138 3340 275 3428 ἐσχάρα,
293 3340 415 3424 ἕνδεκα,
432 3342 560 3429 φαῦλον
574 3341 754 3428 adnectere,
771 3363 842 3409 cum
858 3341 997 3426 quadam
1012 3341 1293 3409 uerisimilitudino

135 3445 271 3531 probari
292 3446 394 3530 possit
415 3446 571 3513 atticistas
589 3443 651 3512 hac
670 3443 711 3510 dc
730 3464 765 3510 re
786 3444 891 3527 egisse
914 3450 946 3509 et
968 3464 1040 3510 cum
1054 3444 1163 3511 Photii
1186 3446 1294 3528 glossa

140 3546 242 3613 otiam
256 3545 311 3613 hic
326 3545 466 3613 deterior
480 3547 530 3613 sit.
561 3544 625 3624 Qui
639 3547 748 3629 glossa
761 3548 775 3609 1
794 3545 875 3612 haec
890 3545 1035 3613 exhibet:
1058 3539 1293 3627 ὑπωμοοια·

139 3642 180 3713 τὸ
205 3638 460 3731 ἀναβάλλεσθαι
483 3645 575 3734 δίκην
597 3644 672 3713 τινά
694 3640 716 3731 ἤ
737 3671 771 3713 τι
794 3640 892 3727 citio,
922 3645 1095 3735 προφάσει
1117 3646 1183 3710 τινὶ
1206 3642 1293 3728 χριό-

141 3770 244 3831 μενον
264 3740 350 3831 μεθ’
369 3739 478 3835 όρκοο.
515 3750 653 3816 Uberior
676 3756 724 3816 est
745 3750 989 3835 Harpocration,
1013 3749 1103 3815 cuius
1124 3747 1224 3813 uerba
1245 3767 1293 3814 re·

139 3850 304 3937 petierunt
323 3851 458 3919 Photius
480 3853 558 3935 gl.3
583 3857 615 3917 et
637 3850 768 3919 Suidas:
791 3846 1031 3933 ὕπωμοσία·
1054 3845 1091 3913 τό
1111 3840 1294 3935 ὑπερτίθε-

229 4070 256 4133 1)
273 4066 376 4138 Froyer
392 4084 420 4138 p.
432 4073 490 4124 380.
519 4066 629 4135 diesing
645 4081 672 4135 p.
683 4070 724 4120 44.
