2812 4822
116 346 119 351 >
202 313 262 370 180
642 309 776 363 Henricus
794 309 906 378 Heyden

199 482 394 565 inuestigare
417 482 507 564 potui
528 482 591 546 nisi
606 479 766 563 Photium,
790 501 861 546 cum
877 480 1086 565 Etymologus
1102 500 1144 547 ex
1158 482 1247 547 fonte
1264 500 1349 546 oom-

202 584 299 667 muni,
323 603 418 666 quem
440 583 492 647 uel
508 583 597 646 cuius
612 582 784 664 uestigium
801 581 956 648 exhibere
972 581 1170 665 Hesychium
1186 584 1240 650 uel
1256 581 1349 648 scho-

199 686 328 752 liastam
349 681 574 766 Aristophanis
596 671 639 748 ad
661 684 735 749 nub.
758 703 789 748 u.
813 687 853 748 53
876 685 983 750 statim
1004 682 1147 768 uidebis,
1171 684 1288 750 eadem
1311 703 1349 749 ao

200 786 350 852 Photium
381 784 475 848 huius
506 784 611 850 lexico
639 805 703 850 non
725 785 870 868 inspecto
899 784 1090 868 depromere
1110 805 1174 851 non
1196 786 1348 869 potuerit.

199 887 428 952 Praetermisso
451 885 576 951 scholio
590 885 827 970 Aristophaneo
851 885 1006 952 hocloco
1030 886 1185 969 Hesychii
1207 889 1350 970 glossam

199 987 395 1054 exscribam:
412 978 598 1050 ἐσπάθα·
616 983 717 1051 ...πὸ
734 974 794 1069 μέν
808 984 870 1071 γάρ
887 983 959 1051 ἐστι
975 984 1096 1071 σπάθῃ
1108 991 1349 1074 καθαφαίνειν·

197 1085 235 1152 τὸ
261 1086 297 1152 δέ
319 1086 495 1174 ὁιαφορεῐν
517 1085 559 1151 τὰ
583 1086 698 1153 οἰκεῖα.
733 1085 822 1153 ἐστιν
846 1073 903 1152 οὖν
926 1086 1130 1173 διέφθειρεν.
1164 1076 1348 1175 ἢάφαινεν

200 1181 269 1255 άπὸ
293 1191 352 1273 τῆς
369 1188 517 1276 σπάθης.
541 1197 574 1256 et
596 1188 909 1276 ἐσπαθημένος·
933 1193 1201 1270 πεπυκνωμένος.
1230 1192 1350 1258 Glossa

199 1299 318 1377 autem,
343 1313 425 1375 quae
448 1295 482 1358 in
496 1293 759 1377 Harpocrationis
783 1294 924 1376 epitoma
945 1294 1062 1375 legitur
1077 1313 1102 1359 s.
1120 1313 1149 1357 u.
1167 1290 1349 1356 ἐσπαθᾶτο

197 1413 230 1477 p.
249 1397 308 1458 137
332 1393 381 1460 ed.
399 1394 556 1478 Dindorf,
581 1414 717 1476 quacum
738 1394 805 1460 fere
828 1394 870 1459 ad
893 1394 1026 1459 uerbum
1049 1395 1206 1460 consentit
1227 1396 1350 1460 lexico-

198 1498 340 1583 graphus
352 1499 389 1563 V.
413 1497 518 1562 Bekh.
543 1492 638 1581 [AGr.
654 1517 685 1580 p.
703 1499 774 1578 256,
792 1492 853 1580 26],
877 1495 940 1563 huo
961 1516 1025 1561 non
1047 1498 1194 1579 pertinet,
1218 1497 1349 1562 rettule-

197 1606 271 1665 runt
292 1607 397 1664 tamen
420 1618 492 1663 eam
516 1617 643 1679 quoque
667 1604 699 1662 et
713 1596 845 1662 Photius
869 1603 901 1662 et
917 1597 1127 1680 Etymologus
1143 1598 1184 1662 Μ.
1198 1599 1230 1662 in
1248 1617 1350 1680 opera

197 1721 256 1766 sua
279 1702 337 1768 sub
360 1699 475 1765 eodem
497 1699 648 1764 lemmate
669 1693 729 1782 [ut.
746 1699 787 1763 Μ.
803 1718 833 1781 p.
852 1700 924 1780 384,
936 1695 999 1782 44],
1023 1705 1156 1781 uterque
1171 1707 1289 1784 autern,
1314 1707 1352 1766 ut

198 1804 320 1887 opinor,
345 1821 386 1866 ex
410 1801 551 1883 epitoma
572 1801 653 1884 ipsa,
677 1819 749 1865 cum
771 1800 981 1883 Etymologus
996 1801 1119 1882 alioqui
1135 1808 1220 1868 certe
1237 1799 1351 1868 Photii

198 1903 420 1969 adnotationes
450 1901 565 1967 eodem
588 1900 699 1967 ordine
723 1897 872 1979 ἐσπάθα,
897 1897 1142 1987 ἐσπαθημένος,
1167 1899 1351 1967 ἐσπαθᾶτο

198 2025 303 2088 neque
326 2004 388 2070 hoc
411 2003 522 2070 ordine
546 2000 735 2082 ἐσπαθᾶτο,
759 2001 909 2082 ἐσπάθα,
934 1999 1170 2090 ἐσπαθημένος
1193 2008 1225 2071 in
1248 2008 1351 2072 farra-

197 2109 306 2190 ginem
334 2127 423 2172 suam
449 2106 632 2189 recepisset.
678 2106 861 2172 Notandum
884 2105 1023 2188 denique
1047 2113 1095 2172 est
1117 2108 1351 2190 Etymologum

197 2209 349 2274 articulos
373 2227 397 2274 s.
419 2229 449 2273 u.
474 2205 594 2292 σπάθη
617 2229 648 2290 p.
672 2209 743 2290 722,
760 2209 800 2270 32
823 2215 856 2271 et
877 2227 901 2272 s.
917 2227 948 2271 u.
972 2204 1110 2271 σπάθαι
1132 2208 1218 2275 linea
1241 2211 1283 2271 34
1307 2229 1351 2275 ex

197 2309 325 2376 Orionis
347 2309 453 2375 lexico
475 2329 506 2390 p.
526 2312 585 2372 146
608 2315 687 2373 extr.
704 2315 736 2374 et
749 2329 780 2392 p.
801 2312 870 2391 145,
886 2310 927 2371 20
950 2309 1000 2374 ed.
1024 2308 1116 2375 Stura
1138 2311 1281 2394 petiisse.

282 2427 390 2494 Photii
420 2427 566 2494 doctrina
589 2427 707 2493 deinde
730 2429 856 2494 transiit
877 2430 910 2492 in
932 2429 1115 2510 Etymologi
1138 2431 1179 2494 M.
1203 2432 1349 2513 glossam

196 2549 229 2612 p.
247 2531 318 2611 385,
335 2534 390 2592 51:
414 2527 699 2612 ἐτεράνναθος
727 2527 875 2604 ἵππος·
905 2525 922 2592 ὃ
947 2527 1207 2615 οκληρόσνομος·
1232 2530 1304 2597 οἷον
1329 2527 1347 2597 d

197 2641 273 2704 ταῖς
294 2627 437 2714 γνάθοις
460 2624 506 2705 ὡς
528 2626 572 2714 μὴ
598 2628 701 2705 ἰδίαις
720 2623 903 2713 χριόμενος·
927 2618 948 2714 ἢ
970 2625 987 2695 ὁ
1014 2624 1184 2717 άπληστος
1205 2635 1259 2697 καὶ
1283 2627 1349 2715 άμ-

197 2733 357 2816 φοτέραις
379 2743 454 2806 ταῖς
468 2728 611 2814 γνάθοις
627 2727 763 2795 ἐσθίων.
801 2731 944 2798 Oonlatis
960 2731 1076 2798 Photio
1092 2753 1116 2799 s.
1133 2754 1163 2798 u.
1180 2742 1212 2800 et
1227 2735 1350 2803 Orione

197 2854 230 2917 p.
248 2835 298 2915 59,
312 2835 351 2895 26
375 2832 508 2899 dubium
529 2852 593 2898 non
616 2840 673 2915 est,
697 2834 772 2915 quin
793 2834 1003 2917 Etymologus
1018 2835 1059 2898 M.
1077 2836 1109 2899 in
1130 2826 1350 2920 prioreparte

195 2953 298 3014 usque
321 2933 362 2999 ad
384 2931 553 3018 χρώμενος
574 2935 780 3018 participium
795 2934 956 3018 Orionem,
981 2938 1013 3000 in
1035 2939 1213 3020 posteriore
1235 2940 1351 3006 iudea

197 3036 357 3119 particula
378 3023 399 3117 ἢ
421 3034 570 3102 Photium
593 3038 635 3102 sit
657 3042 792 3102 secutus.

284 3154 432 3236 Denique
455 3155 482 3220 si
505 3156 586 3221 scire
610 3157 729 3238 cupies,
754 3157 917 3222 cuiusnam
933 3156 1174 3224 obseruationes
1191 3159 1351 3227 exhibeat

195 3255 406 3339 Etymologus
435 3258 468 3321 in
490 3259 620 3340 glossis:
657 3259 686 3333 1)
712 3249 902 3339 εὐορκίας
924 3280 954 3341 p.
978 3261 1122 3340 390,18:
1157 3250 1350 3343 εὐπρεποῦς

198 3346 386 3441 ἀσφαλείας
400 3358 454 3421 καὶ
471 3355 748 3444 περιφράξεως1);
772 3361 803 3434 2)
827 3353 971 3445 εὔηνος
986 3380 1017 3441 p.
1035 3363 1106 3443 390,
1120 3365 1176 3425 56:
1201 3355 1218 3426 ὃ
1236 3367 1350 3450 πρᾷος

196 3456 252 3520 καὶ
274 3459 418 3541 μέτριος,
441 3459 494 3522 καὶ
511 3455 555 3543 μὴ
572 3458 778 3546 ταραχώδης·
803 3452 871 3525 άπὸ
888 3463 1081 3548 μεταφοράς
1096 3463 1163 3526 τῶν
1179 3461 1349 3552 t'amovu3

285 3696 309 3758 1)
326 3692 490 3762 Hesychius:
509 3687 653 3762 εὐερκείας·
671 3690 825 3763 ἀσφαλείας,
844 3709 912 3762 quae
930 3695 1014 3750 uerba
1031 3695 1259 3751 interHerodiani
1274 3698 1350 3768 frag-

197 3780 287 3830 menta
304 3776 406 3846 recepit
421 3776 508 3830 Lentz
525 3781 589 3832 tom.
603 3776 639 3830 Π.
658 3793 685 3846 p.
700 3782 757 3832 513.

282 3879 307 3941 2)
324 3877 488 3945 Hesychius:
513 3874 632 3944 εὐήνιον·
656 3877 745 3931 καλῶς
762 3873 965 3946 ἦνιοχοὺμενον,
991 3884 1036 3935 ἐπὶ
1060 3878 1156 3950 μηδενὶ
1180 3878 1352 3954 ἀνιώμενον,

196 3961 297 4028 πρᾷον;
316 3960 441 4029 lexicogr.
451 3961 484 4017 V.
498 3963 584 4016 Belrlr.
594 3979 621 4031 p.
633 3966 692 4027 257,
703 3967 747 4017 21:
766 3957 950 4027 εάηνιώτατα’
968 3965 1003 4017 τὰ
1021 3957 1050 4019 εὖ
1068 3972 1174 4031 ἔχοντα,
1193 3964 1251 4022 άπὸ
1267 3993 1353 4037 μετα-

198 4045 281 4112 φορᾶς
298 4047 357 4098 τῶν
375 4047 478 4112 ἵππων,
498 4047 528 4100 αἳ
544 4047 658 4100 θέουσαι
676 4044 739 4113 ἡνία
757 4045 876 4118 ἄγουσιν.
