2856 4800
259 107 435 177 Quaestiones
453 106 486 163 do
503 107 581 162 Aelio
599 106 730 176 Dionysio
747 110 775 162 et
792 107 930 164 Pausania
946 108 1082 164 atticistls.
1185 110 1246 170 213

10 316 24 327 ··
90 280 248 363 γνωσθέν
271 280 351 362 περὶ
380 269 488 342 αάτῶν
512 275 687 358 ἐπραττον.
725 274 856 364 εἰσῆγον
886 279 921 344 δέ
949 281 1003 345 καί
1032 277 1075 345 τὰ
1098 272 1249 367 ἀπογρα-

16 365 19 373 ’
92 381 228 468 ῳόμενα
246 384 364 466 χωρία,
388 375 511 454 οἰκίας·
533 380 591 443 καὶ
607 375 649 443 τά
665 376 811 466 δημόσια
833 375 919 447 εἰναι
943 380 1085 459 δόξαντα
1108 380 1248 468 παρεδί-

10 484 27 571 ἓ
93 480 174 548 δουν
208 494 280 557 τοῖς
313 480 480 556 πολίταις.
525 478 655 565 εἰσῆγον
686 478 722 545 δέ
752 478 841 557 ἐνίας
875 479 1038 560 ἐνδείξεις.
1081 483 1247 573 ῥητορική.

10 614 13 622 ·
93 581 226 650 Similia
255 583 423 649 adnotauit
452 581 605 666 lexicogr.
622 583 659 648 V.
682 581 832 649 Beki-1.
849 604 876 650 e.
900 604 931 667 p.
948 588 1020 667 250,
1036 591 1071 650 4:
1106 584 1248 652 ἕνδεκα

10 664 21 724 5
91 689 184 760 τίνες
200 681 282 750 εἰσί·
305 683 468 771 κληρωτοί
484 677 639 768 ἀρχοντες
653 667 748 768 ἦσαν,
768 681 882 749 ἕνδεκα
897 681 955 749 τόν
971 678 1130 768 ἀριθμον,
1149 702 1248 772 προϊ-

94 777 258 866 στάμενοι
278 786 339 850 τοῦ
361 783 598 871 δεσμωτηρίου.
635 786 690 851 καί
713 783 791 861 τοδς
816 777 997 870 ἀγομένους
1026 783 1084 852 ἐπὶ
1110 811 1249 874 κακουρ-

89 883 222 971 γήμασι
235 885 496 971 παρελάμβανον
509 887 655 964 κλέπτας
676 888 733 953 καὶ
751 879 1023 974 ἀνδραποδιστὰς
1044 889 1099 954 καί
1123 901 1248 976 φονεῖς.

89 987 149 1053 καί
171 983 250 1064 τοὺς
271 986 331 1070 μὲν
354 981 598 1074 ὁμολογοῦντας
620 986 763 1075 θανάτῳ
785 986 953 1075 ἐζημίουν,
983 987 1060 1067 τοὺς
1083 990 1119 1056 δέ
1142 983 1249 1078 ἀμφι-

88 1090 298 1174 σβητοῦντας
324 1086 455 1175 εἰσῆγον
478 1087 527 1167 εἰς
556 1088 783 1178 δικαστήριον,
813 1092 1002 1175 quibuscum
1022 1092 1090 1160 fere
1112 1093 1155 1160 ad
1177 1112 1248 1161 uer-

84 1186 171 1256 bum
186 1193 332 1275 congruit
354 1191 454 1259 aohol.
469 1193 567 1260 Arist
583 1193 627 1260 ad
640 1212 731 1278 uesp.
755 1214 785 1260 n.
799 1195 891 1259 1108.
925 1193 1021 1260 Adde
1042 1195 1197 1279 lexicogr.
1209 1195 1247 1261 V.

80 1288 200 1358 Bekk.
222 1313 254 1376 p.
268 1296 340 1376 310,
355 1298 393 1358 15
421 1295 479 1361 sub
502 1296 653 1362 lemmate
675 1299 787 1372 τίνες
809 1300 941 1361 ποίων
964 1294 1247 1384 δικαστηρίων

71 1387 206 1475 εἶχον
226 1390 299 1479 τὴν
320 1388 561 1480 ἡγεμονίαν·
586 1445 644 1462 ...
668 1396 702 1462 οἰ
720 1395 833 1462 ἐνδεκα
848 1393 926 1474 τοὺς
940 1397 1085 1475 κλέπτας
1099 1399 1154 1464 καὶ
1170 1396 1248 1476 τοὺς

72 1491 295 1572 λωποδύτας
308 1496 365 1561 καί
381 1488 652 1583 ἀνδραποδιστὰς
666 1492 909 1584 ὁμολογοῦντας
931 1499 991 1583 μὲν
1007 1492 1247 1566 ἀποκτιννύου-

61 1614 159 1678 σιν,
182 1588 414 1683 ἀντιλέγοντας
437 1597 473 1665 δὲ
488 1597 678 1685 εἰσάγουσιν
694 1599 742 1678 εἰς
755 1600 793 1668 τό
811 1600 1023 1688 δικαστήριον
1036 1628 1066 1668 κ.
1078 1627 1106 1667 τ.
1121 1603 1149 1668 λ.
1183 1604 1247 1670 Ne·

58 1715 158 1783 qne
182 1699 291 1767 aliena
319 1699 417 1767 habet
437 1701 571 1770 Plotius
593 1723 618 1771 s.
635 1704 655 1768 l.
679 1704 877 1789 περὶτῶν
901 1701 1040 1769 ἕνδεκα
1070 1699 1132 1788 [ed.
1156 1705 1245 1772 Pors.

50 1791 120 1884 Ι,
134 1795 206 1884 49]·
230 1798 343 1866 ἕνδεκα
359 1794 575 1890 interciata
592 1802 835 1890 τετταράκοντα
857 1804 913 1893 ἐτη
935 1803 1115 1892 γεγονότες,
1138 1804 1246 1892 κλήρῳ

34 1896 154 1987 ’τὴν
175 1892 277 1987 ἀρχὴν
298 1901 421 1990 ταύτην
443 1901 645 1988 ἐλάμβανον·
670 1904 891 1990 ἐπεμελοῦντο
916 1907 951 1973 δὲ
973 1910 1040 1974 τῶν
1063 1905 1098 1973 ἐν
1116 1906 1246 1990 δεσμω-

37 2007 215 2090 ἳηρίῳ·
236 2004 381 2083 κλέπτας
403 2004 439 2072 δέ
460 2009 517 2074 καί
540 2007 738 2084 λωποδύτας
757 2012 813 2073 καὶ
829 2001 1110 2090 ἀνδραποδιστάς,
1135 2007 1164 2072 εἰ
1185 2009 1247 2090 μέν

36 2092 150 2169 ἐπ’
168 2097 356 2193 αότοφιόρῳ
379 2106 528 2191 λάβοιεν,
559 2106 713 2185 ἐκόλαζον
734 2105 892 2190 θανάτῳ·
922 2107 952 2170 εἰ
975 2107 1011 2171 δὲ
1034 2100 1245 2191 ἀντιλέγοιεν,

44 2203 142 2283 εἰς
161 2211 273 2291 κρίσιν
287 2211 469 2275 καθίστων.
505 2208 595 2288 Quae
612 2210 719 2276 omnia
741 2229 782 2276 ex
805 2210 965 2276 communi
988 2210 1074 2276 fonte
1096 2208 1246 2275 uidentur

49 2308 257 2395 dosoripta
284 2331 371 2396 esse,
402 2332 497 2396 quem
526 2313 744 2398 perlucentem
772 2331 929 2397 agnosces
957 2313 990 2378 in
1020 2312 1128 2396 glossa
1156 2311 1244 2379 Euat.

40 2416 123 2495 1ο.
137 2413 231 2497 1595,
244 2415 301 2479 38:
416 2411 640 2498 θεσμοθέται]
670 2412 874 2498 κυριεόοντές
904 2436 988 2500 ῳασι
1017 2416 1077 2479 τοῦ
1104 2412 1246 2493 δικάζειν

61 2510 149 2577 διαί
167 2525 385 2598 χειροτονεῖν·
409 2511 476 2580 ἐκεῖ
499 2513 608 2579 δὲκαὶ
634 2508 787 2598 ἄρχοντες
810 2513 917 2594 ἕτεροι
936 2512 1049 2577 ἐνδεκα
1067 2512 1246 2594 ἐπιμελού-

32 2628 190 2692 *flavos
210 2626 282 2692 τσίς
307 2611 340 2681 ἐν
363 2614 578 2702 δεσμωτηρίῳ
600 2617 653 2681 καὶ
679 2611 830 2700 ἐνήγοντό
855 2633 959 2700 φασιν
982 2611 1040 2678 ἐπί
1062 2611 1121 2699 τὴν
1144 2606 1246 2701 ἀρχὴν

61 2712 214 2799 παάτην
228 2717 370 2783 κλέπται
384 2741 420 2782 τε
435 2720 490 2784 καὶ
507 2710 783 2802 ἀνδραποδισταί.
816 2717 883 2780 των
899 2714 935 2780 δὲ
954 2715 1126 2804 ῥηθέντων
1140 2709 1246 2804 Ἀθή-

73 2836 187 2904 -νησιν
202 2813 296 2887 ἐννέα
312 2810 479 2903 ἀρχόντων
493 2816 577 2885 κατὰ
592 2823 830 2886 Παυσανίαν
848 2830 937 2902 τρεῖς
950 2817 1011 2902 μὲν
1026 2804 1111 2905 ἦσαν
1127 2815 1244 2906 ἀρχων,

67 2919 303 3006 πολέμαρχος
317 2923 371 2986 καί
389 2921 556 3005 βασιλεύς.
590 2922 623 2988 ολ
647 2921 683 2987 δέ
705 2920 741 2999 ἐξ
760 2925 985 3005 θεσμοθέται.
1019 2925 1134 2990 Totam
1150 2925 1247 3007 igitur

92 3021 351 3089 obseruationem
378 3044 449 3091 esse
477 3027 657 3092 Pausaniae
683 3026 807 3091 oonieio
837 3031 946 3091 eontra
968 3023 1244 3108 Rindfleisohium,

81 3122 156 3207 uui,
177 3128 301 3189 tanturn
332 3131 476 3191 extrema
503 3126 603 3191 uerba
631 3124 707 3190 inde
733 3146 755 3190 a
778 3119 859 3187 ‘ario
882 3122 917 3185 δὲ
946 3122 1080 3209 ῥηθέντ.
1102 3115 1187 3188 Ἀλλ’
1212 3126 1246 3191 in

95 3222 317 3291 collectionem
334 3227 466 3310 reoepit.
503 3226 617 3309 Neque
632 3227 717 3291 enim
740 3226 843 3290 solum
865 3224 1133 3291 uerisimillimum
1154 3226 1246 3293 uide·

96 3332 148 3393 tur
168 3347 239 3397 assa
261 3329 294 3395 in
316 3329 414 3394 uerbo
438 3333 524 3414 ῳασί
545 3327 650 3393 audiri
671 3322 749 3402 τούς
764 3323 941 3411 παλαιούς,
964 3320 1152 3412 praesertim
1175 3349 1247 3395 eum

96 3434 211 3515 postea
231 3431 409 3497 Pausanias
431 3429 594 3514 laudetur,
617 3447 728 3495 uerum
751 3429 848 3495 etiam
871 3448 912 3495 ex
934 3430 1042 3496 multis
1065 3430 1245 3496 Pausaniae

95 3528 281 3615 isagsnentis
314 3532 431 3598 seimus
465 3531 550 3598 huno
582 3532 798 3617 expositiones
835 3532 878 3597 ad
911 3532 1000 3614 leges
1034 3536 1067 3596 et
1101 3531 1246 3598 instituta

95 3633 228 3717 publiea
240 3632 486 3699 Atheniensium
501 3634 697 3718 pertinentes
718 3635 752 3698 in
773 3632 898 3699 deliciis
920 3631 1072 3698 habuisse
1094 3626 1146 3715 [of.
1162 3633 1244 3699 Rdfl.

93 3730 155 3802 io.
178 3755 211 3820 p.
223 3734 266 3798 23
290 3740 322 3799 et
343 3734 380 3799 fr.
395 3755 446 3800 no.
462 3729 628 3818 160.189].
646 3770 689 3779 -
710 3731 772 3811 Qui
787 3733 905 3798 foetum
920 3734 970 3816 ait,
993 3739 1028 3798 ut
1042 3734 1109 3801 fere
1125 3755 1245 3818 omnes,

96 3837 151 3918 qui
168 3836 363 3905 Pausaniam
385 3856 587 3921 excerpsere,
611 3834 671 3902 hoo
694 3835 734 3900 de
756 3834 944 3917 magistratu
967 3835 1082 3904 eadem
1104 3836 1245 3920 quidem,
