2856 4800
138 333 200 393 206
583 327 717 385 Henricus
734 327 847 399 Hcyden

142 505 253 571 Potius
282 504 325 570 de
353 505 476 571 ratione
505 503 588 568 inter
616 500 675 567 hos
703 497 951 584 lexicographos
978 496 1199 564 intercedente
1220 517 1284 563 cnm

140 606 282 690 Freyero
312 601 354 691 [p.
371 609 433 670 259
452 610 530 672 extr.
547 600 607 688 aa]
636 600 838 669 statuendum
865 607 915 667 est
936 599 1065 667 Aelium
1086 600 1282 685 Dionysium,
1321 604 1323 627 ¹

141 707 307 774 Pollucem
329 702 371 793 [p.
388 710 448 772 347
472 705 522 774 od.
538 705 643 771 Bekk.
668 696 764 768 αὗται
787 697 913 790 άρρρτα
929 698 1002 788 ἱερά
1016 698 1173 786 Διονύσῳ
1190 698 1282 765 ἔθυον

141 799 215 890 μετ’
241 801 341 895 άλλης
361 812 521 894 θεωρίας.
545 810 691 893 καθίστη
715 803 751 870 δὲ
774 796 909 881 αὖτάςὸ
926 800 1083 887 βασιλεὺς
1099 796 1203 879 οάσας
1216 806 1279 867 τίσ-

142 930 247 994 ααρας
268 912 324 975 καὶ
347 909 450 997 occul,
473 911 761 994 Harpocrationem
784 903 826 992 [p.
851 910 937 991 79,4
961 906 1011 972 ed.
1033 904 1131 971 Dind.
1154 904 1278 991 γεραραὶ

140 1010 176 1076 αἱ
205 1013 253 1096 τῷ
275 1011 431 1096 Διονύσῳ
462 1011 639 1094 ἱέρωμίναι
659 1005 820 1095 γυναῖκες]
846 1008 983 1076 eundem
1006 1008 1127 1074 fontem
1149 1026 1221 1074 osse
1239 1025 1276 1074 so
1317 985 1323 1064 l

139 1119 240 1198 cutes,
263 1113 462 1199 Hesychium
484 1118 591 1177 autem
615 1107 745 1196 [ἱέρειαι
766 1112 899 1187 κοινῶς·
924 1107 1019 1188 ἰδίως
1041 1107 1077 1173 δὲ
1093 1108 1128 1173 αἱ
1143 1111 1193 1194 τῷ
1208 1112 1277 1174 Δια·
1319 1123 1322 1144 ³

139 1213 228 1297 νάσῳ
256 1216 305 1297 τῴ
333 1211 367 1277 ἐν
390 1218 542 1294 Λίμναις
566 1209 609 1275 τά
639 1210 711 1298 ἱερά
739 1210 969 1293 ἐπιτελοῦσαι,
997 1214 1046 1296 τῷ
1076 1203 1215 1297 άριθμῴ
1235 1207 1277 1297 tl]

141 1321 174 1381 et
195 1313 460 1398 lexicographum
476 1315 514 1378 V.
531 1309 573 1398 [p.
590 1316 662 1398 231,
676 1318 715 1379 32
738 1315 805 1382 fere
829 1314 943 1382 eadem
965 1320 1062 1397 atque
1084 1310 1236 1400 Hesych.]
1254 1319 1279 1380 et

140 1416 367 1499 Etymologum
389 1416 431 1481 M.
455 1415 655 1499 Dionysiana
677 1417 750 1483 aliis
772 1417 880 1483 uerbis
902 1415 1047 1484 reddere.

227 1516 321 1595 Quod
350 1516 393 1584 ad
415 1517 595 1584 Pausaniae
624 1519 784 1584 atticistae
812 1538 928 1585 nomen
955 1519 1085 1601 attinet,
1115 1518 1220 1584 fateor
1238 1535 1280 1581 me

141 1626 209 1687 toto
224 1620 448 1704 Etymologico
464 1619 506 1683 Μ.
522 1639 563 1685 ne
577 1620 749 1702 uestigium
766 1620 896 1703 quidem
913 1621 982 1687 eius
997 1620 1170 1687 inuenisse.
1203 1619 1281 1684 Atta·

140 1742 214 1787 men
237 1723 264 1787 si
287 1722 537 1788 demonstratum
560 1727 617 1804 est,
640 1722 768 1788 Aelium
784 1723 976 1806 Dionysium
999 1723 1081 1787 inter
1095 1721 1202 1787 fontes
1216 1721 1282 1805 Ety-

140 1822 262 1907 mologi
276 1824 317 1888 Μ.
333 1823 443 1906 fnisse,
463 1843 535 1890 cum
550 1843 608 1908 per
624 1844 658 1889 se
673 1824 940 1889 uerisimillimum
956 1828 1014 1906 est,
1034 1828 1101 1889 tum
1116 1823 1283 1890 luculenter

141 1944 184 1990 ex
204 1925 312 1991 multis
335 1925 451 2008 glossis
474 1924 642 1992 rhetoricis
663 1924 833 2007 apparebit
855 1924 950 1988 etiarn
971 1924 1152 1990 Pausaniae
1176 1925 1285 1991 scrinia

140 2027 182 2090 ab
205 2026 395 2109 Etymologo
419 2026 594 2110 compilata
617 2043 697 2090 esse.
742 2023 789 2090 of.
812 2025 933 2091 Naberi
954 2027 1047 2109 proli.
1070 2046 1101 2109 p.
1120 2029 1172 2110 39,
1195 2024 1285 2092 Riud·
1321 2042 1323 2051 ·

139 2124 261 2193 fleisch.
285 2128 306 2193 l.
324 2148 350 2194 c.
373 2149 405 2212 p.
421 2131 473 2211 22,
495 2128 626 2212 Fieyer.
649 2126 670 2191 l.
687 2148 713 2194 c.
736 2147 768 2210 p.
785 2130 847 2191 250
857 2147 904 2210 sq.

226 2229 413 2297 Glossarum
437 2228 681 2312 rhetoricarum,
705 2230 894 2312 quibuscum
917 2231 1111 2296 conueniunt
1131 2231 1287 2297 atticistae

139 2331 226 2416 apud
242 2332 454 2415 Eustathium²
471 2333 608 2414 primum
625 2332 819 2398 enumerabo
834 2351 899 2416 eas,
918 2350 1000 2415 quae
1017 2352 1089 2397 eum
1104 2331 1286 2416 fragmentis

139 2434 226 2500 Aelii
248 2435 413 2519 Dionysii,
441 2432 559 2499 deinde
580 2454 664 2516 quae
687 2454 759 2499 cum
781 2434 968 2516 fragmentis
990 2433 1173 2500 Pausaniae
1194 2435 1286 2519 plane

140 2536 344 2601 concordant.

227 2639 254 2701 1.
278 2637 327 2702 let.
343 2638 384 2702 M.
408 2657 440 2720 p.
459 2639 564 2720 192,2
591 2632 741 2719 βοτήρ·
771 2627 790 2718 ἡ
817 2625 897 2719 άρχὴ
926 2636 993 2699 τῶν
1015 2637 1075 2700 τοῦ
1096 2634 1289 2703 πεντάθλου

141 2735 354 2821 σκαμμάτων.
382 2729 498 2803 ἀὐτὸν
520 2739 693 2822 κέκροοκας
715 2733 773 2802 τὸν
787 2738 918 2821 βατῆρα
933 2738 993 2801 τοῦ
1008 2729 1117 2821 λόγον’
1142 2743 1231 2825 φησί
1244 2760 1290 2816 τις

141 2837 213 2904 οἷον
241 2838 278 2904 τὸ
310 2837 568 2924 ἐπικαιρότατον
596 2842 652 2904 καὶ
679 2837 717 2904 τὸ
744 2841 891 2925 πρῶτον.
921 2836 1075 2924 ῥητορικὴ
1099 2837 1136 2903 δέ
1159 2833 1289 2923 ἐστινὴ

142 2937 230 3014 λέξις
254 2936 350 3023 [coda
373 2937 545 3028 ῥηματική,
570 2940 657 3023 quod
678 2942 748 3007 sine
769 2941 868 3007 dubio
891 2942 924 3006 in
948 2938 1103 3026 ῥητορική
1120 2942 1289 3010 emendan-

142 3039 218 3106 dum
241 3037 310 3125 estl.
348 3042 481 3109 Prorsus
505 3043 668 3126 conspirat
690 3061 762 3107 cum
776 3043 969 3126 Etymologo
986 3041 1114 3124 sudas,
1137 3050 1292 3128 exparte

139 3142 388 3226 lexicographus
401 3145 439 3209 V.
462 3165 494 3228 p.
512 3146 584 3227 224,
603 3145 652 3226 12,
676 3143 768 3209 deest
782 3141 926 3208 Photius.
964 3144 1034 3210 Hac
1049 3145 1082 3209 in
1097 3147 1208 3228 glossa
1222 3147 1291 3213 rhe·

140 3245 243 3310 torica
274 3245 502 3329 Etymologum
529 3244 700 3310 Aelianum
732 3244 860 3309 lexicon
891 3244 1072 3329 inspexisse
1106 3247 1293 3314 Eustathius

140 3365 172 3427 p.
182 3348 275 3429 1404,
289 3352 328 3411 55
345 3345 483 3413 affirmat
500 3342 593 3430 [Rufi.
609 3365 659 3411 no.
673 3341 739 3430 96]:
764 3342 813 3409 ἔτι
830 3337 898 3410 άπὸ
915 3347 975 3410 τοῦ
988 3345 1125 3426 βάλλειν
1140 3348 1195 3412 καί
1211 3349 1293 3432 βαλ-

139 3443 241 3528 βίδες.
265 3439 303 3510 οὗ
319 3440 422 3528 μόνον
438 3446 474 3511 αλ
490 3445 549 3511 ἐπὶ
560 3439 713 3533 ἀφέσεως
724 3444 873 3531 δρομέων
884 3448 1034 3532 γραμμαὶ
1046 3445 1129 3512 κατὰ
1141 3447 1294 3517 Αἴλιον

139 3544 385 3628 Διονύσιον,
417 3539 503 3613 itti
528 3549 585 3614 καὶ
608 3539 686 3614 λίσαι
709 3544 743 3613 ἒν
767 3551 891 3634 φρέασι
911 3551 966 3614 καὶ
991 3544 1106 3626 άλλοις
1127 3551 1296 3630 τοιούτοις

141 3636 283 3734 ἐγκοπαί
310 3669 395 3737 φησι
422 3651 478 3716 καί
501 3647 612 3731 ἕξοχαὶ
635 3643 675 3715 δι’
702 3642 748 3715 ὧν
769 3654 923 3718 κατίασιν
945 3650 993 3728 εἷς
1017 3644 1111 3744 αὐτά.
1135 3650 1189 3730 αἷς
1210 3655 1297 3738 βαλ-

140 3754 242 3832 βίσιν,
266 3748 385 3833 ομοιόν
405 3775 440 3816 τι
461 3748 546 3816 κατὰ
568 3749 698 3817 ἔννοιαν
719 3752 774 3817 καὶ
797 3747 973 3839 ὁβατήρ,
998 3751 1035 3829 ὃς
1056 3747 1096 3840 ἡν
1111 3747 1191 3840 άρχή
1210 3779 1298 3845 φησι

141 3845 220 3934 [scil.
243 3852 326 3919 Α’ίλ.
350 3850 457 3940 Aaou]
487 3854 546 3918 τοῦ
574 3855 641 3918 τῶν
669 3852 872 3919 πεντάθλων
895 3854 1096 3939 σκάμματος.
1131 3850 1216 3923 <iuss
1239 3861 1297 3926 καλ

139 3957 323 4037 παροιμία·
350 3948 466 4022 (αὐτὸν
494 3958 669 4039 κίκροοκας
696 3952 755 4021 τὸν
776 3958 905 4042 βατῆρα
927 3960 986 4023 τοῦ
1009 3951 1126 4043 λόγον’,
1151 3954 1196 4036 ιὸς
1223 3959 1298 4028 οἷον

139 4051 263 4119 εἰπεῖν·
287 4052 325 4119 τὸ
348 4059 483 4141 πρῶτον
505 4057 559 4123 καί
583 4054 845 4143 ἐπικαιρότερον.
