2856 4800
302 316 480 383 Quaesdones
498 315 531 371 ds
548 315 625 371 Aelio
643 316 774 386 Dionysio
792 319 819 373 et
836 316 973 374 Pausania
990 318 1125 374 atticistis.
1226 320 1286 379 201

226 505 437 589 Etymologns
465 504 563 571 habet
584 527 609 572 s.
625 526 656 572 ιι.
681 503 699 582 ζ
704 502 944 590 ύγαστρονῑ)
971 507 1141 573 lectionem
1169 513 1290 573 rectam

140 607 325 691 Σοφοκλῆς,
348 608 438 672 cuius
459 605 576 673 Trach.
599 628 629 673 ιι.
645 609 707 671 692
724 606 803 674 baec
818 609 980 691 leguntur:
1002 607 1104 693 κοίλῳ
1120 605 1289 692 ζογάστρῳ

140 705 263 793 δῶρον·
287 699 404 792 ὥσπερ
428 705 542 772 εἴδετε.
576 708 673 794 Apud
687 707 837 775 Photium
859 715 966 775 autem
988 711 1022 773 in
1037 712 1173 776 nominis
1188 699 1289 794 Εὐρι-

137 807 244 894 πίδης
272 810 379 874 Ιοοιιιιι
405 829 520 875 nomen
549 809 721 895 Σοφοκλῆς
741 809 972 877 restituendum
995 830 1066 876 esse
1087 812 1289 876 manifestum

136 911 176 976 fit
198 931 239 976 ex
261 909 422 977 Eustathii
442 912 514 978 loco
537 932 568 996 p.
585 915 657 996 956,
674 915 704 996 6,
727 913 782 980 ubi
804 912 905 979 uerba
918 910 1020 995 solip
1041 907 1209 993 ζογάστρῳ
1224 931 1288 976 una

139 1032 213 1079 cum
241 1017 349 1078 cetera
369 1011 478 1079 Photii
505 1019 538 1079 et
559 1014 743 1097 Mtymologi
767 1013 969 1098 expositione
992 1018 1287 1079 commemorantur.

225 1132 435 1214 Etymologus
457 1131 552 1197 docet
573 1152 604 1216 p.
621 1136 693 1215 410,
710 1135 750 1195 20
774 1133 815 1198 (1ο
838 1152 917 1200 uoce
935 1130 1097 1214 talpam)
1121 1130 1216 1196 haec:
1236 1153 1289 1210 χι-

138 1233 240 1307 τῶνες
262 1223 574 1314 ἆνακεκολπωμένοι
595 1220 617 1317 ἢ
640 1224 815 1298 ἀνάκωλοι.
860 1232 964 1312 Quam
986 1234 1158 1300 lectionem
1179 1251 1289 1297 ueram

138 1336 226 1423 apud
241 1335 392 1402 Pbotium
413 1335 623 1419 deprauatam
645 1336 793 1402 uidemus
815 1337 849 1402 in
868 1325 1191 1417 ίοἰνακεκολαμμένοί
1217 1353 1287 1400 uer·

137 1441 230 1523 bum,
261 1438 356 1521 quod,
386 1439 514 1503 cumin
542 1439 716 1521 graecitate
739 1439 869 1505 omnino
890 1459 955 1505 non
978 1444 1096 1521 exstet,
1124 1437 1234 1503 Nabar
1255 1437 1289 1500 in

135 1531 459 1624 ‘dsoxmotlpptaoc’
483 1544 606 1605 mutare
628 1541 751 1623 maluit,
775 1543 826 1607 cui
849 1540 980 1624 quidem
994 1539 1167 1623 languidae
1183 1557 1288 1604 emen-

138 1643 263 1709 dationi
283 1642 454 1708 lectionem
478 1642 664 1724 Etymologi
686 1642 931 1725 praeferendam
953 1663 1025 1709 esse
1048 1648 1139 1708 extra
1161 1658 1289 1705 omnem

137 1743 371 1811 dubitationem
395 1749 452 1809 est.
498 1742 651 1808 Centoras
673 1750 842 1826 praeterea
864 1745 1017 1828 lexicogr.
1033 1744 1070 1808 V.
1094 1741 1200 1809 Bekk.
1223 1741 1243 1805 l.
1260 1761 1287 1806 c.

135 1867 168 1930 p.
186 1847 259 1928 260,
276 1847 330 1909 31:
355 1841 489 1929 ζειρά·
514 1840 616 1930 ζώνης
640 1838 737 1920 εἶδος.
760 1833 781 1927 ἢ
804 1842 927 1926 ἐ’νδαμά
948 1869 991 1923 τι,
1014 1841 1032 1908 ὃ
1056 1840 1288 1906 ἓνοενεδύνοντο

136 1943 223 2030 μετὰ
246 1942 324 2021 τοὺς
343 1947 487 2025 χιτῶνας
509 1936 624 2030 ὥσπερ
647 1943 843 2032 ἐφεστρίδα·
867 1937 951 2031 ὅπερ
973 1945 1028 2009 καὶ
1050 1943 1188 2026 μᾶλλον.

224 2049 274 2113 Et.
297 2049 339 2113 M.
362 2069 393 2132 p.
418 2050 525 2132 341‚5
548 2069 573 2114 s.
594 2070 624 2114 n.
655 2045 850 2134 ἐνηλύσια
879 2055 966 2115 recte
993 2047 1128 2114 traditur
1157 2046 1290 2112 uerbum

134 2151 427 2235 καταοκηφθέντα,
450 2149 537 2232 quod
559 2151 594 2213 in
615 2148 723 2215 Photii
745 2151 850 2217 lexico
874 2171 898 2216 s.
915 2171 945 2216 u.
968 2141 1105 2235 ἠλύσιον
1119 2151 1153 2214 in
1170 2143 1289 2232 [Πολέ-

133 2276 208 2334 μων
231 2249 267 2315 δὲ
295 2242 499 2336 Ἀθηναίους
522 2246 617 2336 φησὶ]
639 2246 677 2313 τὸ
699 2249 911 2335 κατασκαφὲν
937 2250 1069 2337 [χωρίον
1083 2245 1205 2333 καλεῖν]
1222 2269 1288 2316 cor-

134 2361 267 2440 ruptum
291 2360 348 2420 est.
393 2350 487 2429 Quod
508 2353 621 2416 uitium
643 2371 716 2416 cum
739 2353 773 2416 in
786 2351 943 2435 Hesycbii
966 2373 1092 2435 quoque
1107 2351 1214 2417 lexico
1229 2350 1288 2415 sub

136 2456 254 2524 eodem
280 2457 431 2521 lemmate
453 2452 574 2536 redeat,
596 2454 822 2536 perantiquum
847 2459 903 2520 cst.
937 2454 1091 2521 conferas
1113 2452 1289 2531 Suidamil,

135 2559 193 2642 qui
224 2556 339 2624 eadem
368 2576 410 2623 ex
440 2556 554 2622 eodem
582 2555 670 2621 fonte
697 2561 794 2639 atque
817 2555 999 2640 Hesychius
1024 2562 1057 2622 et
1078 2555 1212 2622 Photins
1234 2554 1288 2620 dc·

136 2660 277 2742 scripsit.

223 2761 393 2827 Lectiones
422 2757 642 2840 discrepantes
671 2758 849 2840 conspicies
878 2760 1013 2824 conlatis
1035 2760 1084 2823 Et.
1108 2760 1149 2823 M.
1172 2780 1204 2841 p.
1227 2764 1286 2823 747

133 2863 223 2927 init:
245 2858 396 2946 ταῤῥοὶ
418 2860 485 2922 καὶ
508 2861 674 2942 ταρσοί·
697 2855 932 2943 τάλαροι4)...
949 2857 1286 2944 θιΡΙιοιίοταῤῥοί·

136 2960 278 3046 τάλαροι
306 2963 362 3026 καὶ
383 2961 502 3046 ταρσοὶ
517 3010 523 3025 .
538 3011 544 3024 .
559 3009 587 3024 ..
611 2958 719 3026 Photii
741 2961 840 3044 igitur
861 2963 961 3030 uerba
982 2964 1016 3028 in
1037 2962 1182 3030 ordinem
1204 2962 1288 3030 redi·

135 3064 244 3148 genda
266 3083 347 3147 esse,
371 3083 467 3146 quem
489 3063 701 3146 Etymologus
723 3064 866 3147 praebet,
889 3064 961 3130 luce
976 3066 1092 3130 clarius
1108 3070 1165 3148 est,
1189 3085 1287 3147 quon·

134 3281 248 3348 antiquo
271 3280 325 3333 iam
346 3279 472 3334 inuentas
490 3294 562 3346 esse,
580 3279 632 3333 hoo
651 3280 732 3333 etiam
751 3278 785 3333 de
801 3278 955 3348 Etymologi
971 3278 1010 3331 M.
1028 3278 1124 3346 glossis
1143 3277 1285 3334 rhetoricis

134 3367 260 3419 statuere
279 3364 436 3434 poterimus,
455 3377 523 3432 quas
541 3377 574 3416 ex
591 3361 688 3417 Photis
707 3377 761 3416 non
778 3362 891 3417 fluxisse
908 3360 1159 3417 demonstrauimus.

223 3452 247 3514 l)
266 3447 307 3501 cf.
326 3448 383 3503 hui.
402 3447 466 3503 diss.
476 3463 503 3516 p.
519 3451 575 3501 196.
596 3450 623 3500 et
640 3450 691 3513 54,
702 3449 726 3499 8.

222 3534 246 3593 a)
265 3531 306 3584 cf.
326 3533 343 3598 ς
362 3537 386 3598 5,
407 3537 446 3587 ιι.

222 3615 246 3677 3)
264 3613 343 3680 Quod
361 3614 461 3669 Suidae
484 3615 636 3683 scripturae
652 3614 778 3669 mendum
795 3614 896 3670 Kbster
912 3615 1098 3687 Etymologico
1116 3617 1153 3670 M.
1172 3632 1227 3671 non
1243 3617 1286 3669 in-

133 3702 231 3768 specto
256 3696 394 3766 ingeniose
419 3698 537 3752 correxit
560 3705 642 3769 atque
664 3699 767 3754 addidit
791 3705 839 3755 aut
860 3700 986 3758 librarios
1008 3701 1100 3756 locum
1122 3701 1195 3754 hunc
1213 3701 1287 3769 apud

134 3782 301 3852 Hesycbium
318 3784 346 3837 et
363 3782 474 3837 Suidam
492 3784 645 3853 corrupisse
662 3789 711 3840 aut
728 3785 891 3856 Hesychinm
909 3791 936 3841 ct
953 3786 1071 3854 Suidam‚
1090 3800 1150 3839 cnm
1167 3784 1221 3840 ista
1239 3799 1285 3840 ex·

117 3917 121 3932 ,
136 3871 291 3938 serperent,
310 3869 445 3938 eomuptis
465 3867 603 3924 codicibus
620 3885 685 3924 usos
703 3885 771 3924 essa.

228 3958 253 4021 4)
272 3953 312 4008 ct.
326 3956 340 4022 ς
354 3959 378 4023 5,
392 3959 416 4009 θ.
434 3954 580 4010 Praeterea
597 3953 705 4010 ordines
722 3955 926 4011 adnotationum
944 3953 1117 4022 singularium
1130 3955 1203 4025 apud
1214 3955 1285 4011 Pbo-

134 4038 206 4096 tium
224 4044 252 4093 et
268 4039 457 4110 Etymologum
474 4040 544 4094 inter
561 4054 592 4095 ss
610 4039 774 4108 Msorepant.
