2812 4822
293 329 469 400 Quaestiones
487 328 521 385 de
537 328 614 384 Aelio
631 328 763 400 Dionysio
781 332 807 384 et
824 329 960 384 Pausania
976 330 1111 386 atticistis.
1216 329 1277 390 217

212 505 316 590 τηθὶς
344 500 380 566 δὲ
409 493 572 586 ἀνάλογόν
593 524 627 566 τι
653 503 703 585 τῴ
724 505 828 586 θείῳ,
857 497 988 587 πατρὸς
1014 497 1076 587 γὰρ
1106 492 1232 588 ἀδελφὴ
1262 525 1281 588 η

131 602 257 691 μητρός
288 609 470 690 comparato
501 624 572 670 011111
602 625 633 689 p.
650 605 723 688 648,
741 606 795 670 53:
830 600 939 669 ἰστέον
972 601 1008 667 δὲ
1037 591 1092 668 ὅτι
1123 598 1162 667 ἐν
1191 613 1283 678 τοῖς

131 699 460 794 Ἀριστοφάνους
485 706 556 770 τοῦ
582 707 869 789 γραμματικοῦ
891 709 1163 790 Σογγενικοῖς
1190 696 1285 790 εὑρη-

131 833 185 874 ιαι
299 814 435 894 apparot
455 808 705 893 Aristophanem
727 808 804 891 Byn
834 809 950 875 librum
978 808 1059 892 περὶ
1088 805 1286 891 συγγενικῶν

130 902 305 992 ὀνομάτων
334 911 552 996 composuisse
563 912 595 988 ¹).
640 909 743 989 Quem
771 910 838 977 fore
867 911 1027 995 integrum
1054 910 1184 976 Aelium
1206 908 1286 974 Dio-

127 1013 258 1097 nysium
291 1014 325 1079 in
357 1013 486 1080 lexicon
517 1011 711 1078 rhetoricum
743 1013 905 1096 recepisse
937 1011 1088 1078 discimus
1122 1030 1164 1077 ax
1194 1011 1283 1078 Eust.

124 1136 154 1198 p.
172 1117 304 1199 971‚29
410 1107 457 1189 ὥς
479 1112 575 1200 δηλοῖ
595 1111 755 1188 Α’ίλιος
775 1110 1006 1188 Διονύσιος
1111 1111 1218 1195 λέγει
1242 1107 1285 1174 δὲ

125 1212 288 1292 ἐκεῖνος
310 1209 328 1280 ὃ
351 1212 398 1279 τὰ
422 1215 606 1303 ῥηθέντα
624 1212 852 1300 Σογγενικὰ
875 1207 1189 1300 ἐκγραψάμενος
1211 1212 1286 1279 0011.

121 1338 152 1402 p.
168 1321 396 1403 565,18-34.
442 1318 574 1386 Constat
595 1318 692 1402 igitur
714 1319 938 1385 adnotationes
961 1336 1082 1401 omnes,
1106 1318 1284 1399 quaesunt

122 1418 165 1484 do
188 1420 328 1488 uocibus
350 1417 439 1506 τήθη
460 1427 492 1486 ot
506 1422 607 1507 τηθίς
628 1419 717 1505 apud
731 1420 941 1504 Hesychium‚
963 1417 1230 1504 lexicographum
1246 1415 1284 1480 V.

120 1520 247 1605 Bokk.,
270 1521 431 1605 Photium‚
454 1521 660 1590 scholiastam
678 1522 775 1589 Arist.
800 1517 884 1606 [Lys.
901 1542 932 1588 u.
949 1518 1033 1606 549],
1055 1520 1286 1604 Etymologum

120 1625 168 1691 ad
190 1625 325 1692 Aelium
346 1625 539 1707 Dionysium
567 1623 765 1691 reuocandas
794 1644 881 1707 esso,
912 1625 968 1707 qui
997 1644 1056 1690 sua
1076 1617 1287 1708 Aristophani

120 1727 206 1811 Byz.
233 1727 389 1794 debuerit.
434 1727 541 1792 Verba
562 1732 669 1793 autern
690 1725 918 1811 Aristophanis
947 1732 1038 1792 orant
1064 1724 1145 1791 haoo
1173 1743 1287 1792 secun·

122 1827 206 1894 dum
230 1830 319 1896 Eust.
341 1849 373 1912 p.
390 1829 533 1912 971,25:
649 1819 702 1902 ὥς
724 1830 828 1914 φησί
852 1850 917 1903 τις
946 1816 1288 1914 άντοσημειωσά-

122 1951 254 2010 μενος
285 1921 470 2011 ὀνόματα
501 1925 735 2013 συγγενικά,
769 1925 815 2004 ὃς
843 1929 953 2015 λέγει
981 1925 1060 2014 [soil.
1083 1927 1166 1993 Α’ίλ.
1188 1933 1287 1995 Aron.

125 2034 167 2100 ci.
192 2028 301 2117 supra]
333 2032 389 2096 καὶ
418 2021 472 2096 ὅτι
500 2028 588 2117 τήθη
620 2028 680 2113 μὲν
707 2024 727 2115 ἡ
755 2032 815 2116 τῆς
842 2028 967 2117 μητρὸς
994 2033 1050 2096 καὶ
1076 2032 1136 2095 τοῦ
1158 2026 1289 2116 πατρὸς

124 2133 255 2221 μήτηρ,
286 2129 434 2219 insaniit)
459 2131 495 2197 δὲ
521 2127 540 2217 ἡ
564 2126 649 2218 ὑπὲρ
673 2124 774 2217 αὐτὴν
796 2124 879 2197 καθ’
902 2127 1085 2219 ὁμοιότητα
1110 2134 1170 2197 τοῦ
1191 2129 1291 2197 νεάνι-

127 2259 200 2301 ιιου
219 2234 298 2320 κτλ,
322 2235 521 2318 quibuscum·
535 2255 691 2320 compono
713 2235 786 2302 illos
808 2236 1066 2320 lexicographos
1090 2255 1169 2318 quos
1191 2234 1290 2301 modo

131 2356 393 2404 oommomoram.

222 2441 253 2503 6.
283 2438 333 2503 Et.
348 2437 390 2502 Μ.
414 2458 445 2522 p.
459 2440 519 2501 747
543 2437 650 2502 initio:
683 2435 830 2521 ταρῥοὶ
857 2437 920 2500 καὶ
949 2440 1114 2522 ταρσοί·
1146 2433 1290 2521 τάλαροι

132 2540 191 2605 καὶ
213 2535 256 2604 τὰ
278 2535 503 2620 πλατάσματα
523 2538 590 2602 τῶν
612 2539 736 2602 κωπῶν
765 2534 869 2623 [codd.
884 2544 1012 2623 praeter
1025 2539 1111 2604 Flor.
1127 2534 1289 2624 καρπῶν].

136 2633 217 2706 αὐτὸ
245 2636 282 2706 τὸ
305 2641 467 2726 πτέρωμα
494 2640 550 2704 καὶ
575 2638 779 2726 Θουκυδίδης
808 2631 922 2715 οὕτως.
956 2637 1121 2727 ῥητορική.
1164 2640 1292 2706 Ibidem

78 2762 80 2767 '
134 2745 223 2811 linea
244 2745 280 2808 3:
312 2738 524 2827 τάρῥωμα·
554 2740 613 2827 τὴν
641 2741 870 2828 κωπηλασλαν.
908 2733 1013 2816 οὕτως
1034 2733 1290 2828 Ἀριστοφάνης.

135 2840 302 2932 ῥητορική.
338 2844 421 2910 Ibid.
440 2845 495 2909 lin.
513 2849 547 2908 5:
570 2846 735 2928 ταρσολ·
757 2839 800 2907 τὰ
816 2835 931 2927 άγγεῖοι
952 2844 1018 2907 τῶν
1040 2844 1148 2928 τυρῶν
1169 2844 1225 2907 καὶ
1247 2840 1290 2907 τά

78 2934 80 2949 ²
137 2944 421 3023 ἕξωτῶνκωνιιῦν
442 2946 499 3010 καὶ
519 2957 672 3029 ταρσοῖς·
696 2956 833 3031 νοτεροῖς
856 2938 979 3029 άκροις.
1013 2941 1151 3031 ταρσός·
1175 2941 1209 3008 ἐκ
1230 2947 1291 3026 μέ-

78 3038 80 3045 ’
137 3069 215 3132 ρους
229 3034 251 3131 ἢ
266 3042 304 3110 τὸ
320 3042 449 3122 πλάτος
464 3047 528 3110 τοῦ·
538 3044 655 3125 ποδός,
677 3035 750 3132 ἢτὸ
769 3040 869 3131 άκρον
890 3048 950 3131 τῆς
968 3044 1089 3131 χειρός.
1124 3043 1291 3133 ῥητορική.

222 3147 387 3216 Adeamus
408 3147 627 3234 Enstathium‚
658 3150 714 3232 qui
735 3170 766 3234 p.
782 3151 873 3234 1625,
889 3153 927 3213 14
949 3150 1129 3216 Pausanias
1151 3154 1183 3215 ot
1204 3149 1292 3215 Aelii

137 3251 290 3334 Dionysii
318 3250 436 3317 scrinia
462 3252 663 3336 compilauit:
697 3249 736 3315 οἱ
767 3248 809 3315 δὲ
837 3251 1017 3315 παλαιοὶ
1048 3247 1108 3314 τὸν
1134 3251 1291 3315 τοιοῦτον

136 3347 285 3437 ταρσὸν
307 3353 375 3417 καλ
396 3349 545 3438 ταρῥόν
567 3351 732 3436 λέγουσιν,
762 3351 795 3416 οἱ
816 3344 901 3434 μεθ’
917 3343 1064 3437 Ὅμηρον
1087 3347 1226 3435 δηλαδή,
1256 3347 1292 3417 ἐν

137 3449 188 3530 οἷς
211 3453 269 3518 καὶ
290 3445 478 3536 ὅκωμικός,
503 3454 536 3518 οἳ
556 3457 613 3518 καί
635 3474 739 3540 φασιν
758 3443 812 3518 ὅτι
833 3450 985 3538 ταρρὁ
1006 3450 1044 3518 τὸ
1061 3463 1291 3538 τοροκομεῑον·

135 3557 193 3621 καλ
216 3546 271 3621 ὅτι
294 3547 424 3639 άῤῥιχοι
445 3555 505 3639 μὲν
527 3554 663 3643 κόφινοι
690 3552 959 3642 σταφολοφάροι,
989 3553 1140 3642 ταῤῥὸς
1169 3556 1204 3622 δὲ
1232 3550 1293 3642 ἆγ-

135 3669 227 3742 γεῑον
250 3653 393 3724 πλεκτὸν
416 3653 462 3734 ὥς
484 3662 618 3742 ψίαθος
641 3654 674 3722 ἐκ
696 3655 867 3740 καλάμων,
892 3655 927 3722 ἒν
949 3650 976 3742 ᾦ
997 3657 1198 3742 τορεύοοσιν.
1234 3662 1294 3726 καὶ

135 3755 327 3844 κρεμαστὴρ
350 3757 387 3823 δέ
409 3782 514 3846 φασιν
533 3757 660 3843 ἐλέγετο
682 3756 846 3845 ταρῥός,
871 3751 926 3845 ἐφ’
947 3753 984 3824 οὗ
1007 3757 1124 3844 τυροὺς
1146 3757 1292 3845 ἐ’τερσον.

227 3998 253 4061 1)
272 3993 314 4052 of.
332 3992 463 4059 Dithr'oh,
480 3989 627 4063 ‘Aristoph
637 4010 664 4048 u.
674 3993 752 4063 Byz„
770 3993 880 4048 Bdoher
897 3994 964 4048 dher
981 3993 1024 4049 die
1040 3992 1294 4052 Verwandschafts-

133 4094 238 4136 namen
255 4077 313 4135 und
329 4077 531 4146 Benennungen
548 4078 596 4134 des
613 4073 814 4134 Lohensalters’
834 4078 863 4133 in
881 4079 978 4135 Philol.
994 4079 1017 4136 1.
1035 4097 1062 4150 p.
1074 4082 1123 4135 116
1132 4078 1163 4137 ff.
