2812 4822
75 4342 199 4520 Ἳ

208 340 269 400 192
655 332 788 389 Hemicus
805 332 916 403 Heyden

206 508 287 574 mihi
311 525 510 591 consequens
532 525 602 572 esse
624 525 689 571 non
702 505 841 588 uidetur,
862 509 898 569 ut
912 504 1046 570 Photius
1067 503 1101 569 in
1115 505 1205 571 nullo
1228 504 1358 571 omnino

207 629 305 695 opero
333 608 392 676 has
420 627 517 676 uoces
544 608 772 692 interpretatus
801 607 859 689 sit,
890 626 963 672 cum
992 607 1086 672 aliter
1115 606 1273 691 explicari
1294 627 1359 672 non

205 712 324 796 possit,
356 731 412 777 cur
432 709 644 791 Etymologus
671 708 713 774 Μ.
736 709 801 774 illis
824 708 1080 791 expositionibus
1101 707 1210 773 Photii
1239 727 1357 773 nomen

206 811 414 880 subiunxerit.
449 809 564 892 Neque
585 829 663 876 uero
686 829 759 876 cum
773 809 903 875 Nabero
918 807 1122 876 efficiendum
1138 816 1186 876 cst
1207 808 1360 874 Photium

205 914 310 997 ipsum
339 908 459 986 λέξεων
488 908 678 997 συναγωγήν
706 931 770 977 non
792 910 984 993 confecisse,
1014 910 1072 977 sed
1102 911 1170 977 cius
1193 910 1361 976 librarium

205 1015 357 1096 aliquem,
381 1013 446 1095 qui,
469 1033 542 1078 cum
562 1013 698 1098 posthac
714 1014 874 1079 turbatum
896 1012 1067 1079 uerborum
1090 1012 1236 1079 ordinem
1251 1031 1362 1078 emen-

205 1114 307 1198 daret,
331 1114 391 1180 has
413 1115 548 1198 glossas,
572 1135 655 1197 quac
677 1116 711 1180 in
734 1112 842 1181 Photii
863 1114 970 1181 lexico
990 1120 1124 1180 autnon
1139 1106 1362 1197 legunturaut
1382 1110 1385 1116 ’

204 1217 310 1282 minus
332 1217 448 1282 uberes
471 1222 598 1282 exstant
619 1236 715 1298 quam
730 1216 763 1281 in
778 1215 898 1282 Suidae
913 1217 1113 1298 aliorumque
1130 1216 1255 1297 lexicis,
1282 1215 1362 1280 omi·

205 1319 288 1384 sisse
310 1353 352 1363 -
375 1337 470 1400 quam
493 1318 725 1400 coniecturam,
748 1338 820 1383 cum
842 1317 992 1400 Ilreyer1)
1014 1318 1091 1383 satis
1113 1318 1179 1382 iam
1200 1317 1361 1400 refutarit,

205 1416 361 1487 hocloco
383 1419 525 1484 breuiter
546 1421 736 1503 perstringo.
867 1444 872 1458 ·

204 1621 276 1696 §h
321 1620 429 1686 Duas
465 1621 629 1703 glossas
663 1620 946 1703 Etymologici
977 1620 1018 1684 M.
1055 1620 1289 1687 rhetoricas
1323 1621 1364 1684 in

204 1719 351 1787 Photio
374 1720 519 1788 deesse
542 1722 730 1804 aliasque
751 1721 878 1786 multo
900 1722 1116 1788 uberiores
1138 1724 1176 1786 in
1198 1723 1363 1805 Etymo·

326 1823 462 1905 logico
484 1822 526 1888 M.
551 1842 663 1905 quam
685 1822 725 1887 in
747 1821 886 1888 Photii
914 1823 1052 1889 lexico
1076 1829 1237 1889 exstare

627 1923 936 1991 demonstratur.
1079 1936 1082 1941 ·

290 2058 400 2124 Nabar
422 2079 495 2126 cum
517 2058 731 2126 coniecturam
753 2058 842 2125 illam
864 2058 1038 2125 admodum
1060 2059 1268 2128 artificiosam
1284 2081 1359 2145 pro·

205 2161 359 2244 posuerit,
383 2180 446 2243 qua
462 2160 586 2241 doceat,
608 2160 716 2227 Photii
730 2161 869 2241 lexicon,
886 2160 980 2243 quale
994 2181 1078 2228 nunc
1093 2160 1279 2247 habeamus,
1304 2162 1360 2228 de-

206 2267 363 2327 curtatum
379 2281 461 2344 esse,
479 2262 614 2345 glossas,
631 2281 711 2344 quas
727 2261 788 2328 hac
801 2260 1007 2346 paragrapho
1023 2263 1261 2330 examinaturus
1277 2284 1360 2348 sum,

205 2363 338 2427 maximi
371 2364 525 2429 momenti
556 2369 652 2445 atque
686 2363 838 2448 ponderis
868 2382 938 2429 esse
966 2364 1099 2447 negauit
1128 2371 1159 2430 et
1188 2367 1363 2432 nonnullas

204 2484 335 2546 prorsus
356 2465 510 2548 neglexit.
546 2464 652 2531 Causa
676 2465 772 2549 enim,
796 2485 851 2530 cur
873 2463 957 2530 duae
979 2465 1107 2548 glossae
1129 2465 1311 2535 rhetoricae
1327 2469 1363 2533 in

205 2564 314 2630 Photii
339 2566 446 2631 lexico
469 2564 576 2631 desint
597 2567 745 2648 aliaeque
768 2566 869 2631 multo
890 2566 1055 2633 uberiores
1078 2568 1111 2632 in
1132 2568 1363 2652 Etymologico

205 2665 247 2731 Μ.
272 2672 398 2732 exstent
426 2687 521 2749 quam
549 2668 583 2731 in
604 2666 738 2751 Photio,
767 2667 898 2734 Nabero
929 2673 977 2734 est
997 2667 1132 2736 Photius
1162 2669 1361 2738 decurtatus.

206 2766 287 2833 Cum
315 2766 384 2834 fieri
410 2787 475 2833 non
503 2767 621 2852 possit,
649 2773 685 2832 ut
711 2768 787 2834 huic
814 2769 990 2852 suspicioni
1018 2770 1181 2855 accedam,
1205 2773 1364 2855 quoniam

204 2869 390 2950 Freyerum,
412 2874 448 2934 ut
470 2868 567 2935 modo
583 2868 662 2952 dixi,
685 2889 811 2953 sequor,
834 2870 911 2936 illae
926 2870 1054 2954 glossae
1068 2871 1148 2937 mihi
1163 2874 1363 2957 singularem

206 2969 422 3056 eximiamque
438 2971 660 3036 auctoritatem
675 2972 913 3038 nanciscuntur:
937 2973 1137 3040 conclamant
1153 2981 1184 3040 et
1199 2974 1363 3042 affirmant

205 3070 433 3154 Etymologum
462 3070 711 3155 haudquaquam
739 3074 773 3139 in
799 3074 1028 3158 componendis
1051 3077 1167 3159 glossis
1189 3077 1361 3145 rhetoricis

206 3169 313 3237 Photii
335 3172 440 3239 lexico
463 3193 555 3240 usum
578 3193 657 3241 csse.
703 3173 797 3253 Quod
819 3195 861 3241 ne
877 3176 1060 3261 Boysenum
1083 3178 1214 3260 quidem
1235 3181 1360 3263 fugisse

205 3273 346 3355 uidetur,
377 3274 432 3355 qui
455 3273 585 3356 quidem
608 3280 731 3340 tantum
753 3276 860 3360 abest,
888 3283 924 3343 ut
945 3278 1010 3344 illis
1032 3279 1176 3346 articulis
1199 3301 1360 3348 summum

204 3375 343 3457 pretium
365 3374 473 3442 addici
489 3377 652 3462 concedat,
676 3384 711 3444 ut
732 3379 765 3444 in
780 3378 887 3446 medio
902 3380 1071 3466 relinquat,
1096 3384 1160 3467 qui,
1184 3403 1257 3450 cum
1272 3384 1359 3455 Pho·

205 3476 286 3541 tium
315 3495 373 3541 nos
396 3476 593 3544 decurtatum
618 3478 738 3547 habere
760 3482 830 3564 ipse
852 3488 965 3565 neget,
995 3483 1075 3549 illud
1097 3484 1167 3551 fieri
1188 3487 1303 3572 possit,
1328 3495 1361 3556 et

205 3576 392 3659 acquiescat
418 3576 468 3643 his
491 3579 523 3643 in
545 3581 651 3647 uerbis
675 3577 717 3665 [p.
741 3576 811 3665 69];
841 3576 1000 3667 ‘exceptis
1022 3587 1138 3668 glossis
1157 3580 1361 3671 ‘opadddcm

205 3683 238 3742 et
267 3669 472 3761 ζύγαστρον’,
501 3699 634 3761 quorum
662 3684 886 3767 supplementa
907 3684 992 3750 unde
1020 3683 1185 3771 fluxerint,
1214 3692 1363 3759 nondum

206 3779 290 3862 scio,
314 3779 524 3863 Etymologus
550 3783 727 3864 glossarum
750 3790 924 3851 ceterarum
948 3788 1173 3870 supplementa
1195 3794 1250 3858 uel
1274 3799 1363 3864 totas

204 3880 329 3962 glossas
345 3899 386 3945 ex
400 3881 623 3966 Etymologico
640 3883 723 3950 Gud.
739 3877 879 3970 recepit?
912 3885 1002 3965 Quae
1025 3909 1096 3955 cum
1120 3892 1165 3958 ita
1181 3893 1255 3979 sint,
1272 3896 1363 3982 Boy·

293 4064 316 4126 1)
333 4060 365 4117 L.
385 4076 410 4116 c.
427 4076 454 4129 p.
467 4065 579 4133 288sqq.
599 4065 659 4121 adv.
677 4066 747 4122 Nab.
767 4069 845 4137 proll.
864 4083 891 4137 p.
907 4073 1020 4139 ldlsqq.
