2812 4822
83 339 153 397 218.
524 336 658 391 Henricus
675 334 787 405 Heyden

83 500 165 574 ὅθεν
179 510 236 574 καὶ
250 505 381 593 τρασιά,
406 500 443 572 οὗ
467 508 549 572 σῦκο
569 505 723 592 ψόγεται.
762 504 890 592 ἐλέγετο
914 507 950 573 δέ
972 528 1061 594 φασι
1084 501 1243 591 ταρσός

81 607 196 675 καὶτὸ
222 604 290 675 όνω
311 611 371 674 τοῦ
392 605 499 685 ποδός
519 595 541 694 ἢ
563 611 619 674 καὶ
640 605 677 673 τό
702 602 802 695 όκρον
827 611 885 696 τῆς
909 607 1031 696 χειρός.
1077 606 1240 684 Α’ίλιος

83 707 126 773 δὲ
152 703 375 786 Διονύσιός
405 731 509 797 φησιν
536 702 590 776 ὅτι
617 710 762 798 ταρῥολ
795 712 863 775 καὶ
892 715 1058 798 ταρσοί·
1093 708 1240 797 τάλαροι

81 813 138 876 καὶ
151 809 193 875 τὰ
208 809 431 895 πλατόσματα
449 814 516 878 τῶν
530 814 663 877 κωπῶν.
701 809 838 897 ἕτεροι
861 811 897 879 δὲ
919 804 973 880 ότι
993 811 1140 899 ταρῤοὶ
1163 834 1240 896 κρε-

80 909 389 1004 μόστρακαλαμίνη
404 917 461 980 καὶ
482 912 525 980 τὰ
542 917 608 980 τῶν
630 915 736 1001 τυρῶν
760 906 875 999 ἆγγεῖα
895 917 953 981 καὶ
974 911 1016 979 τὰ
1039 915 1108 979 τῶν
1133 910 1239 995 λαχά-

81 1038 156 1080 νων.
189 1017 245 1082 καὶ
266 1014 432 1101 τόρωμα
454 1012 473 1103 ἡ
496 1017 706 1102 κωπηλασία.
739 1012 886 1103 ταῤῥὸς
907 1014 969 1102 γάρ
985 1037 1091 1103 φασιν
1107 1010 1125 1081 ὁ
1144 1027 1241 1080 στοῖ-

77 1137 137 1198 χος
157 1119 224 1183 τῶν
248 1120 386 1199 κωπῶν,
418 1116 493 1184 ἐπεὶ
520 1130 656 1202 πτεροῖς
687 1115 843 1183 ἐοίκασιν.
881 1120 936 1183 καὶ
965 1121 1156 1205 σημείωσαι
1184 1109 1241 1182 ότι

78 1215 164 1283 κατὰ
192 1218 349 1305 τοιαύτην
376 1217 451 1286 τινὰ
483 1214 665 1307 ὁμοιότητα
694 1221 751 1284 καὶ
779 1216 838 1284 ἐπὶ
866 1213 990 1304 όρνεων
1020 1222 1188 1305 πτέρυγος
1219 1213 1238 1282 ό

78 1315 204 1403 ταρσός
227 1321 364 1406 λέγεται.
403 1321 493 1401 Quae
511 1324 618 1389 omnia
637 1323 849 1388 atticistarum
871 1343 941 1389 esse
965 1323 1155 1406 doctrinam,
1180 1321 1239 1388 do-

81 1427 155 1487 eent
177 1421 209 1487 oi
230 1423 374 1489 παλαιοί
395 1419 445 1509 [ef.
468 1424 643 1508 Freyerum
659 1423 699 1489 de
715 1423 777 1490 hoe
791 1424 879 1490 Eust.
903 1426 974 1491 loeo
997 1430 1150 1508 agentem
1173 1424 1196 1488 l.
1210 1443 1238 1490 ο.

79 1543 112 1606 p.
125 1519 197 1609 354]
222 1531 254 1591 et
276 1522 392 1610 ἕτερον.
431 1525 553 1593 Censeo
569 1532 675 1592 autem
693 1532 817 1611 partem
840 1527 980 1610 priorem
1001 1527 1043 1592 ab
1066 1527 1162 1593 initio
1184 1545 1238 1592 us-

80 1644 143 1707 que
165 1626 208 1692 ad
226 1621 295 1692 ‘aui
310 1625 352 1691 τὰ
368 1625 591 1710 πλατόσματα
605 1628 671 1692 τῶν
686 1619 821 1691 κωπῶν’
847 1629 941 1694 Aelio
959 1628 1129 1712 Dionysia,
1157 1628 1238 1694 alte·

78 1748 148 1793 ram
166 1728 240 1795 inde
256 1750 371 1798 auoee
387 1729 494 1814 ἕτεροι
516 1731 696 1797 Pausaniae
717 1730 949 1797 restituendam
973 1750 1053 1797 esse.
1083 1731 1237 1813 Uterque

81 1830 179 1913 igitur
200 1831 267 1898 fere
288 1833 403 1898 eadem
426 1833 575 1899 tractauit
597 1833 643 1897 ita
664 1837 781 1915 tamen,
807 1838 841 1897 ut
856 1833 1041 1915 Etymologi
1063 1833 1237 1897 articulum

77 1929 197 2015 ταῤῥοὶ
211 1934 266 1998 καὶ
281 1937 417 2018 ταρσοί·
440 1931 581 2017 τάλαροι
603 1952 704 2017 usque
728 1934 770 1999 ad
791 1935 890 2000 uerba
908 1931 1114 2020 Θουκυδίδης
1130 1923 1237 2009 οὕτως

78 2034 292 2116 fragmentum
312 2036 398 2102 Aelii
421 2056 508 2118 esse,
531 2036 631 2101 uerba
653 2037 820 2118 sequentia
841 2055 944 2119 usque
966 2036 1009 2101 ad
1031 2056 1130 2103 uoees
1154 2059 1236 2118 ταρ-

80 2147 167 2210 σοῖς·
190 2149 328 2223 πτεροῖς
346 2131 460 2221 όκροις
481 2139 671 2222 Pausaniae,
695 2139 795 2203 uerba
816 2144 923 2205 autem
945 2139 1071 2221 reliqua
1091 2135 1235 2222 ταρσός·
1275 2217 1278 2221 .

79 2235 114 2302 ἐκ
132 2240 253 2323 μέρους
273 2240 341 2304 κτλ.
363 2241 500 2306 Aeliana
522 2240 727 2323 agnoscenda
749 2242 821 2306 sint.

165 2346 193 2406 7.
223 2343 272 2408 Et.
288 2343 329 2408 M.
353 2362 385 2426 p.
400 2344 470 2427 783,
487 2344 543 2406 26:
576 2335 899 2419 όποσακίζειν1)·
929 2337 1123 2427 ὑπεξαίρειν
1152 2333 1237 2405 ῶνα·

79 2442 197 2525 λογοῦν
212 2444 268 2508 καὶ
282 2438 498 2521 ὗποσακίζειν
519 2444 577 2527 τῆς
600 2436 680 2506 ὁδοῦ
704 2447 844 2528 φασίν,
867 2435 943 2528 ἤτοι
964 2440 1001 2507 τὸ
1025 2440 1235 2526 προκόπτειν

79 2546 135 2609 καὶ
167 2537 363 2630 ἀναλογοῦν,
399 2565 534 2629 quocum
563 2545 697 2610 articulo
726 2546 876 2612 conuenit
903 2543 1037 2612 Photius
1065 2547 1165 2613 etiam
1201 2547 1234 2611 in

80 2649 279 2733 corruptelis,
295 2667 375 2731 quas
392 2646 521 2730 quidem
536 2647 579 2712 ad
593 2647 714 2713 fontem
730 2667 930 2714 communem
944 2647 1144 2715 reuocandas
1161 2666 1234 2715 esse

81 2769 121 2815 ex
137 2748 296 2816 Eustathii
310 2750 382 2816 loeo
398 2750 485 2815 uitiis
500 2749 666 2831 inquinato
682 2749 801 2814 elueet:
821 2771 851 2833 p.
862 2752 935 2834 940,
947 2753 985 2814 16
1003 2744 1055 2834 [=
1065 2749 1148 2815 Rdfl.
1159 2745 1235 2835 325]

160 2847 254 2915 καθά
282 2870 384 2936 φησιν
410 2848 567 2925 Αἴλιος
588 2847 825 2926 Διονύσιος.
862 2842 967 2915 Ὅθεν
995 2851 1052 2915 καὶ
1082 2850 1236 2916 σακεόειν

79 2953 164 3038 φησὶ
193 2948 231 3015 τὸ
258 2945 380 3029 ὗλίζειν
409 2946 455 3026 ῶς
474 2945 657 3035 Ἡρόδοτος
681 2942 824 3035 χρήματ’
850 2946 1147 3034 όποσακιζόμενοι·
1179 2953 1237 3016 καὶ

78 3048 294 3131 ὑποσακίζειν
315 3054 374 3137 τῆς
396 3046 476 3117 ὁδοῦ
498 3049 536 3116 τό
560 3049 766 3136 προκόπτειν
788 3054 844 3118 καὶ
866 3048 1102 3141 ὑφαιρεῖσθαι.
1142 3052 1237 3132 Quae

78 3156 256 3223 rectissime
283 3156 439 3222 Meierum
468 3155 656 3224 emendasse
685 3156 732 3222 sie
757 3149 938 3222 ‘aenedas‘
969 3152 1007 3220 τὸ
1035 3149 1159 3232 ὕλίζειν
1191 3151 1239 3230 ὡς

75 3253 268 3346 Ἡρόδοτος.
301 3258 357 3322 καὶ
370 3249 523 3343 χρήμαθ’
535 3250 824 3335 όποσακίζεσθαι·
848 3251 993 3326 ἇναλοῦν
1007 3257 1064 3322 καὶ
1078 3250 1240 3342 ὑφαιρεῖ·

79 3364 175 3426 σθαι.
208 3361 264 3425 καὶ
285 3354 501 3436 ὗποσακίζειν
520 3360 578 3444 τῆς
600 3352 696 3422 ὁδοῦ·
721 3359 939 3446 προκόπτειν,
962 3360 1055 3431 breui
1077 3357 1158 3423 mihi
1182 3378 1240 3425 no·

78 3462 209 3528 tandum
232 3467 289 3529 est.
325 3461 439 3544 Itaque
461 3461 557 3527 etiam
572 3461 681 3526 Photii
703 3468 735 3527 et
750 3463 936 3553 Etymelogi
959 3467 1089 3553 glossae
1111 3466 1242 3526 mutan-

79 3564 140 3631 dae
163 3569 250 3647 sunt‚
280 3569 316 3628 ut
336 3563 408 3630 loeo
430 3564 601 3629 uerborum
627 3556 820 3650 όπεξαίρειν
845 3558 1032 3661 ἀναλογοῦν
1062 3561 1244 3628 scribamus

75 3660 314 3752 ’ὑφαιρεῖσθαι
343 3654 529 3742 ἆναλοῦν’λ)
558 3671 590 3731 et
619 3659 801 3748 ἀναλογοῦν
832 3680 1017 3750 extremum
1047 3662 1243 3730 omittamus.

82 3783 285 3795 --.----

165 3837 189 3900 1)
206 3832 268 3887 Non
286 3833 408 3888 omittam
425 3832 454 3886 in
472 3830 652 3901 Etymologici
663 3830 702 3886 Μ.
719 3833 797 3890 codd.
817 3843 930 3903 exstare
946 3838 1102 3911 lemmata·-
1118 3823 1253 3879 ὑποσκιά·

79 3922 143 3984 ζειν,
160 3915 344 3982 ὑποσικόζειν,
360 3913 534 3982 ὑποσκάζειν,
552 3917 580 3970 in
598 3916 695 3972 Photio
713 3923 805 3977 autem
824 3932 901 3986 recte
920 3935 990 4011 legi²
1011 3913 1209 4008 ὑποσσκίζειν.

77 4087 132 4144 reci
154 4005 187 4101 ⁸2)
198 4001 300 4140 tdisqu?
317 4002 399 4072 igitur
415 4001 517 4057 Nuberi
536 4000 693 4057 coniectura
710 3997 765 4057 ἀνὰ
778 4004 863 4082 λόγου
880 4031 933 4085 pro
952 4007 1100 4089 ἀναλοῦν
1115 4010 1143 4048 m
1157 3997 1262 4049 textum

133 4101 196 4158 pren
215 4101 232 4142 a
250 4101 298 4142 es.
1258 4109 1261 4114 ,
