2812 4822
293 303 474 374 Quaestionss
493 301 526 358 de
543 300 620 359 Aelio
637 301 767 372 Dionysio
785 305 813 358 et
830 301 967 358 Pausania
984 304 1118 360 atticiatis.
1227 305 1286 366 193

120 492 242 541 senum
273 475 396 544 adduci
422 492 554 542 necesse
578 493 648 542 esse
671 480 764 560 puto,
794 481 830 542 ut
850 475 1003 543 formulas
1024 475 1199 545 rhetoricas
1222 499 1288 545 non

123 574 285 642 Photium
308 576 368 644 sed
382 577 606 661 Etymologum
630 574 713 642 (iud.
736 578 789 643 uel
804 578 895 661 alios,
920 579 975 661 qui
993 578 1051 644 illa
1066 578 1286 648 additamenta

124 678 301 763 praebent,
324 678 467 744 indicare
489 678 676 761 suspicetur.
721 678 765 745 At
786 699 856 745 oum
880 680 947 762 illa,
971 699 1054 764 quae
1076 681 1192 765 glossis
1213 681 1285 749 rhe-

127 781 242 848 toricis
266 780 384 848 mediis
407 798 534 864 quoque
556 780 676 846 inserta
701 800 731 845 u.
755 801 781 846 c.
804 782 847 862 gl.
871 777 1049 866 ζύγαοτρον
1072 782 1284 867 inueniuntur,

129 883 263 956 omnino
286 880 467 964 introducit,
490 881 560 964 ipse
582 881 746 949 declarare
769 881 848 947 mihi
871 882 998 949 uidetur
1013 903 1084 950 sese
1099 885 1286 969 Etymologi

128 983 170 1048 11.
196 983 355 1050 rationem
379 982 573 1066 excerpendi
595 984 770 1065 ignorasse.
804 983 853 1050 Ao
875 984 1018 1067 profecto
1040 985 1136 1052 facile
1158 986 1213 1053 ille
1237 988 1286 1051 in·

128 1085 290 1168 tellegere
312 1085 417 1171 potuit
438 1084 664 1168 Etymologum
683 1104 810 1170 semper
825 1087 1001 1169 articulum,
1025 1106 1119 1171 quem
1135 1086 1283 1154 11111111-

127 1188 243 1270 ginem
264 1193 449 1270 recepturus
472 1192 530 1270 est,
553 1185 692 1253 fideliter
714 1187 895 1255 describere
917 1189 970 1254 uel
992 1208 1165 1274 excerpere
1188 1190 1283 1272 eique

126 1288 306 1355 adnectere
339 1289 578 1355 adnotationem
606 1309 721 1354 nouam
752 1290 834 1356 alius
865 1288 1031 1356 cuiusdam
1058 1290 1283 1374 lexicographi

125 1390 182 1455 uel
206 1410 298 1458 suam
320 1391 421 1473 ipsius
444 1390 631 1473 doctrinam,
654 1409 816 1472 nunquam
839 1398 945 1457 autem
968 1392 1026 1457 illa
1047 1412 1132 1458 noua
1147 1381 1283 1458 articulo

124 1491 221 1574 prius
248 1491 409 1576 descripto
437 1492 544 1558 medio
566 1491 717 1558 inserere.
761 1493 810 1558 Ea
831 1499 953 1576 autem,
984 1512 1066 1576 quae
1088 1494 1218 1576 Boysen
1241 1492 1283 1562 de

122 1594 364 1677 supplementis
387 1594 598 1677 excogitauit,
629 1594 744 1676 quibus
766 1594 893 1677 glossae
915 1593 1094 1661 rhetoricae
1117 1595 1282 1662 uberiores

123 1694 194 1759 sint
218 1714 313 1777 quam
333 1694 511 1762 Photianae
534 1694 767 1778 adnotationes,
790 1696 963 1763 falsissima
986 1715 1066 1779 esse,
1089 1697 1123 1761 in
1145 1697 1281 1779 singulis

124 1797 257 1880 glossis,
281 1817 361 1882 quas
383 1797 466 1863 infra
488 1797 690 1880 enumerabo,
713 1803 861 1863 accurate
885 1796 1060 1864 ostendam.

214 1913 350 1981 Glossae
377 1914 556 1982 rhetoricae
585 1914 800 1998 Etymologioi
823 1915 864 1980 Μ.
888 1916 922 1981 11
950 1915 1059 1981 Photii
1087 1915 1192 1981 lexico
1223 1915 1281 1981 de·

120 2020 200 2079 sunt
222 2013 299 2081 hae:

212 2116 263 2181 Et.
278 2115 321 2181 M.
343 2137 374 2200 p.
392 2118 463 2199 761,
479 2118 519 2180 46
542 2136 567 2182 s.
584 2136 614 2181 11.
637 2113 846 2182 τολύνιον·
870 2113 907 2181 τὸ
931 2114 1133 2199 καλούμενον
1153 2121 1282 2202 Κρατί-

121 2238 215 2282 recor
237 2219 357 2302 μέτρον
379 2214 631 2282 πολοσύνθετον
655 2208 723 2282 ἀπὸ
744 2219 804 2282 τοῦ
818 2221 1003 2303 Μεγαρέως
1024 2215 1184 2283 Τολύνοο·
1208 2216 1282 2284 ἔστι

121 2315 162 2382 δὲ
191 2322 451 2404 προγενέστερος
481 2323 659 2404 Κρατίνου.
694 2317 859 2404 ῥητορική.
889 2327 921 2386 11
948 2321 997 2384 Ε1.
1021 2319 1063 2385 M.
1085 2340 1117 2403 p.
1143 2322 1213 2402 785,
1238 2325 1280 2385 44

121 2412 298 2487 ....ὅθεν
326 2420 380 2484 καὶ
408 2411 566 2506 ὕφαλος
592 2412 814 2502 ἅνθρωπος
838 2419 967 2503 λέγεται
989 2413 1046 2496 (ὥς
1069 2403 1235 2502 ἐγῷμαι)1)
1259 2414 1277 2484 ὅ

119 2524 347 2606 κεκρυμμένος
367 2521 423 2586 καὶ
445 2523 644 2605 πανοῦργος.
672 2518 836 2606 ῥητορική.
861 2558 901 2567 -
928 2519 1069 2599 Quarum
1090 2522 1230 2606 priorem
1246 2521 1280 2588 in

119 2625 244 2692 Photio
267 2623 445 2691 desiderari
466 2624 530 2688 iam
546 2623 675 2706 Boysen
698 2621 780 2688 uidit
802 2630 834 2689 et
855 2644 886 2707 p.
903 2625 944 2687 69
967 2622 1073 2689 addit:
1098 2616 1173 2689 ‘nisi
1196 2624 1279 2691 forte

121 2727 208 2793 illud
232 2723 386 2812 ῥητορική
409 2725 533 2790 librarii
560 2743 666 2790 errore
688 2744 753 2789 non
775 2725 834 2790 sub
856 2723 952 2789 finem
975 2727 1064 2790 uocis
1086 2721 1280 2806 τολύπεομα

122 2823 223 2912 [quae
245 2828 355 2911 glossa
374 2828 409 2892 in
423 2825 646 2910 Etymologico
661 2824 703 2889 M.
720 2821 873 2910 sequitur]
889 2824 948 2890 sed
963 2825 1022 2891 sub
1038 2823 1134 2890 finem
1149 2825 1279 2908 glossae

122 2931 214 2996 illius
244 2926 464 2995 antecedentis
495 2925 590 3010 [quae
613 2931 662 2992 111
683 2926 792 3009 glossa
812 2921 973 3012 τολύνιον]
997 2926 1104 3010 posita
1126 2916 1191 2992 sit'.
1236 2926 1280 2993 At

122 3032 236 3099 omisit
257 3031 386 3114 Boysen
414 3036 447 3096 et
474 3030 508 3094 in
531 3027 601 3094 cod.
624 3027 709 3094 Flor.
732 3028 850 3095 Milleri
871 3049 902 3113 p.
919 3030 981 3092 283
1010 3027 1124 3094 eadem
1151 3029 1217 3112 legi
1247 3034 1280 3094 et

122 3135 158 3198 in
187 3130 403 3199 codicibusV
433 3127 572 3215 ῥήτορος
599 3137 631 3196 11
653 3110 751 3212 DM}1
774 3130 901 3213 glossae
930 3127 1080 3206 roldosor
1110 3130 1279 3196 subiuncta

122 3251 215 3317 esse,
243 3239 353 3300 contra
380 3232 439 3298 sub
465 3231 528 3297 fine
550 3233 678 3315 glossae
700 3227 893 3311 τολύπεομα
914 3250 1018 3312 neque
1042 3232 1075 3294 in
1098 3229 1167 3296 cod.
1190 3230 1276 3296 Flor.

121 3355 231 3418 neque
261 3335 295 3399 in
321 3334 411 3399 libris
439 3331 665 3399 aGaisfordio
695 3333 830 3398 conlatis
859 3332 960 3397 ullum
989 3331 1161 3413 uestigium
1190 3331 1277 3398 illius

121 3437 284 3503 formulae
306 3436 452 3501 inueniri.
477 3469 518 3480 --
539 3435 641 3500 Plane
662 3439 768 3501 autem
791 3434 872 3517 fugit
887 3433 1071 3518 Boysenum
1094 3433 1152 3499 illa
1175 3434 1277 3501 altera

122 3540 236 3622 glossa
257 3536 427 3620 rhetorica,
451 3556 545 3619 quam
567 3535 777 3618 Etymologus
792 3534 833 3599 M.
857 3533 1004 3600 adiunxit
1020 3533 1197 3600 Photianae
1221 3555 1276 3600 ex·

120 3640 279 3724 positioni
301 3639 342 3704 do
365 3657 445 3705 uoce
467 3628 625 3724 ὕφαλοι
645 3657 677 3721 p.
695 3637 766 3720 785,
784 3637 840 3700 43:
863 3629 1117 3700 ὑποθαλάοσιοι
1139 3627 1276 3719 carpop-

120 3746 224 3826 μέναι
245 3743 376 3826 πέτραι.
399 3730 481 3805 ὅθεν
503 3739 559 3803 καὶ
580 3732 610 3804 ὖ.
628 3729 659 3802 ἆ.

212 3965 236 4027 1)
255 3959 305 4029 cf,
324 3972 392 4029 quae
400 3957 492 4013 Nabar
510 3957 543 4013 de
560 3957 612 4013 hae
629 3956 747 4013 formula
759 3962 832 4013 recte
844 3956 955 4012 adnotat
968 3956 1046 4025 proll.
1060 3972 1086 4026 p.
1103 3960 1159 4025 168,
1179 3963 1206 4012 11
1219 3960 1274 4014 hui.

119 4047 190 4103 diss.
209 4047 259 4114 δῖ,
271 4050 297 4100 8:
318 4062 414 4111 ...μοι
430 4041 509 4098 δοκεῖ.
