2812 4822
111 445 173 505 178
471 444 476 451 '
549 441 683 495 Henricus
701 439 813 508 Heyden

111 617 296 700 Etymologi
312 616 545 700 expositionem
560 631 623 676 non
639 631 684 676 ex·
696 612 760 676 alio
776 611 861 676 fonte
876 612 939 677 nisi
955 630 995 676 ex
1011 611 1121 677 Photii
1139 607 1259 685 λέξεων

112 718 301 801 συναγωγῆς
324 716 544 799 depromptam
567 731 639 778 esse
662 713 781 778 censui.

200 818 343 884 Oculatis
366 815 426 881 hoc
447 813 543 879 modo
558 813 775 896 Etymologici
789 813 831 876 M.
848 812 992 895 partibus
1008 833 1029 878 a
1047 834 1078 896 p.
1096 815 1157 876 370
1175 808 1211 896 [s.
1230 833 1261 877 u.

112 917 203 1005 ἐργᾴ]
233 938 333 1000 usque
361 916 403 981 ad
431 936 461 998 p.
486 918 558 997 403,
575 917 615 978 23
647 908 681 998 [s.
704 933 733 978 u.
765 909 933 998 ἒφήγησις]
967 919 998 978 et
1025 934 1046 979 a
1075 934 1105 996 p.
1130 916 1261 996 donne

113 1017 148 1104 [s.
166 1041 195 1085 ιι.
214 1014 307 1102 ἰῶτα]
324 1015 483 1100 usquead
498 1037 529 1099 p.
547 1019 618 1099 552,
637 1018 675 1079 19
693 1010 727 1098 [s.
744 1035 773 1080 u.
790 1013 947 1099 κλητῆρες
961 1015 994 1079 in
1008 1014 1072 1080 fine
1086 1016 1214 1081 litterae
1230 1010 1259 1098 a]

110 1128 223 1203 etap.
236 1122 361 1202 597,13
384 1153 425 1162 —
448 1119 574 1183 litterae
597 1115 714 1192 νξοπ
736 1107 978 1199 init-'usque
995 1115 1037 1182 ad
1052 1138 1083 1199 p.
1100 1118 1162 1179 652
1179 1123 1261 1182 extr.

111 1229 143 1288 et
164 1243 230 1305 ap.
249 1223 320 1304 743,
337 1225 378 1283 44
401 1215 436 1304 [s.
454 1240 483 1285 u.
505 1216 576 1302 ταῦ]
602 1238 702 1302 usque
725 1217 767 1284 ad
789 1239 819 1312 p.
837 1221 908 1301 753,
925 1221 965 1281 lu
989 1213 1024 1302 [s.
1041 1239 1070 1282 u.
1093 1213 1262 1300 rerayclvl,

109 1325 264 1407 perspexi
279 1322 388 1388 Photii
404 1319 508 1397 λέξεις
523 1341 580 1405 per
603 1327 702 1386 totum
719 1321 975 1403 Etymologicum
991 1320 1032 1384 M.
1049 1320 1263 1402 aequabiliter

112 1424 275 1508 dispersas
298 1445 336 1490 ac
358 1443 398 1489 ne
421 1444 517 1489 unam
540 1422 670 1504 quidem
692 1422 834 1487 formulis
850 1421 915 1486 illis
931 1420 1098 1487 rhetoricis
1114 1427 1259 1486 notatam

114 1545 186 1592 esse
220 1544 323 1608 eaque
355 1523 396 1590 de
426 1544 524 1590 causa
552 1524 693 1606 Boyseni
721 1522 913 1587 sententiam
941 1541 1012 1588 esse
1042 1522 1258 1588 falsissimam.

111 1627 227 1709 Neque
249 1627 346 1709 igitur
368 1627 471 1691 solum
493 1626 527 1689 in
549 1623 656 1690 medio
672 1624 896 1706 Etymologico
912 1624 953 1687 M.
970 1645 990 1688 a
1004 1625 1111 1689 littera
1127 1648 1139 1686 ι
1155 1643 1259 1705 usque

112 1728 156 1794 ad
178 1729 316 1794 litteram
339 1750 357 1812 ρ
384 1762 426 1772 -
455 1727 488 1790 ἰιι
511 1746 575 1808 qua
596 1731 687 1809 parte
710 1726 837 1807 glossae
860 1723 1038 1791 rhetoricae
1061 1746 1125 1790 non
1146 1728 1261 1809 legun·

114 1835 228 1896 tur-
251 1828 309 1894 sed
333 1829 430 1893 etiam
453 1827 508 1893 ubi
531 1827 658 1910 glossae
674 1825 856 1891 rhetoricae
870 1832 1048 1908 occurrunt,
1072 1833 1104 1892 et
1118 1828 1151 1891 in
1166 1827 1261 1892 initio

113 1936 145 1995 et
159 1930 192 1993 in
206 1928 270 1994 fine
285 1928 403 2012 operis,
426 1926 534 1992 Photii
550 1927 677 2009 glossae
692 1928 738 1992 ita
753 1934 948 2010 comparent,
963 1934 998 1992 ut
1013 1928 1167 1993 formulae
1182 1929 1263 1992 illae

111 2030 151 2096 iis
182 2029 379 2112 subscriptae
408 2049 472 2094 non
502 2029 573 2094 sint.
619 2028 668 2093 Ac
690 2029 828 2111 primum
851 2027 980 2110 quidem
1002 2030 1100 2112 plane
1123 2029 1262 2095 incredi-

111 2132 177 2197 bile
208 2137 271 2213 est,
300 2131 528 2213 Etymologum
550 2129 591 2193 M.
615 2130 756 2194 animum
787 2129 952 2196 induxisse
982 2130 1040 2196 sub
1070 2132 1110 2196 iis
1133 2132 1262 2214 litteris,

112 2233 228 2315 quibus
250 2233 379 2314 glossae
400 2229 580 2297 rhetoricae
604 2229 896 2314 deprehenduntur,
920 2238 1044 2314 partem
1060 2233 1262 2299 obseruatio-

111 2353 189 2398 num
211 2332 319 2398 Photii
342 2333 486 2398 formulis
510 2330 701 2414 quibusdam
724 2331 869 2414 adiectis,
892 2339 1016 2416 partem
1032 2335 1176 2399 formulis
1194 2335 1262 2400 illis

111 2434 347 2517 praetermissis
364 2433 557 2499 describere.
592 2432 719 2497 Deinde
734 2433 761 2498 si
778 2431 839 2498 hoc
855 2434 917 2498 sibi
932 2435 1161 2517 proposuisset,
1186 2455 1262 2500 cau-

111 2555 180 2601 sam
203 2534 318 2600 afferre
341 2555 406 2600 non
428 2553 604 2618 possemus,
628 2554 683 2599 cur
705 2534 915 2617 Etymologus
937 2535 990 2617 M,
1015 2538 1165 2616 quoniam
1188 2557 1264 2602 eum

111 2635 220 2701 Photii
250 2637 356 2701 lexico
387 2655 478 2701 usum
502 2655 572 2701 esse
596 2641 720 2701 constat
742 2636 776 2699 in
798 2634 905 2701 medio
929 2656 1056 2718 quoque
1079 2658 1186 2721 opere,
1211 2658 1264 2703 re-

112 2743 208 2819 pente
230 2757 251 2801 a
273 2738 380 2801 littera
397 2761 409 2799 ι
431 2756 531 2818 usque
554 2735 596 2802 ad
619 2737 758 2802 litteram
773 2759 791 2821 ρ
808 2737 873 2803 illis
889 2738 1034 2804 formulis
1049 2738 1262 2806 abstinuisset

113 2843 145 2904 et
173 2857 281 2903 rursus
304 2857 324 2902 a
345 2838 452 2902 littera
474 2857 495 2900 σ
517 2857 617 2919 usque
647 2837 689 2903 ad
715 2838 811 2903 finem
833 2844 926 2904 notas
949 2838 991 2904 ad
1013 2845 1137 2923 partem
1161 2862 1262 2923 quan-

113 2938 188 3003 dam
210 2937 439 3003 Photianarum
461 2940 639 3021 glossarum
662 2939 843 3006 adiecisset.
888 2941 1038 3022 Denique
1061 2942 1088 3006 si
1111 2942 1261 3010 conicere

112 3039 224 3110 mallet
247 3039 375 3121 Boysen
396 3040 623 3122 Etymologum
647 3059 756 3105 omnes
780 3037 884 3115 λέξεις
906 3040 1098 3124 Photianas,
1123 3062 1202 3124 quas
1227 3045 1262 3109 in

114 3159 194 3223 opus
218 3159 309 3205 suum
331 3141 553 3223 transtulisset,
576 3159 689 3206 reuera
711 3141 855 3207 formulis
878 3141 1085 3224 significasse,
1109 3144 1258 3211 librario·

115 3261 184 3305 rum
211 3247 318 3306 antem
347 3242 471 3307 incuria
500 3261 554 3306 eas
577 3243 728 3324 periisse,
755 3241 817 3308 hoc
841 3262 913 3308 eum
935 3244 992 3308 uix
1015 3245 1164 3326 cuiquam
1187 3267 1262 3330 per·

113 3341 248 3407 suadere
271 3361 366 3424 posse
390 3343 503 3425 opinor
529 3349 710 3426 propterea,
735 3343 821 3426 quod
844 3345 889 3409 ita
911 3345 945 3408 in
967 3347 1120 3412 sescentis
1143 3350 1263 3430 glossis

113 3443 184 3508 illas
213 3448 304 3509 notas
334 3443 467 3510 omissas
494 3463 566 3510 esse
594 3443 788 3510 censendum
818 3445 982 3527 citatque
1012 3466 1068 3512 eas
1097 3448 1130 3511 in
1153 3450 1265 3517 medio

114 3562 210 3626 opere
239 3543 281 3608 ad
310 3564 405 3610 unam
429 3564 554 3627 omnes,
585 3565 657 3611 cum
687 3546 720 3609 in
742 3545 833 3611 initio
858 3551 889 3611 et
910 3545 973 3612 fine
996 3567 1119 3634 paucae
1144 3549 1263 3618 desint.

112 3645 196 3710 Nam
229 3645 354 3711 circiter
380 3646 494 3728 uiginti
512 3648 640 3729 glossas
663 3647 721 3713 sub
744 3648 857 3714 litteris
881 3650 981 3710 ιιι-θ
1004 3655 1035 3714 et
1051 3668 1072 3711 σ
1092 3670 1195 3733 usque
1220 3655 1266 3721 ad

112 3746 207 3812 finem
239 3747 346 3813 inueni
375 3749 409 3812 in
437 3748 548 3813 codice
578 3755 703 3815 uetusto
731 3749 914 3816 Florentino
944 3752 1065 3817 saeculi
1095 3752 1216 3819 decimi
1245 3778 1267 3824 a

113 3847 248 4015 Millerpl
250 3851 388 4015 dconlato
401 3852 432 3934 1),
461 3849 575 3932 quibus
599 3853 632 3916 in
655 3852 768 3917 ceteris
792 3851 955 3920 codicibus
978 3854 1056 3920 illae
1077 3860 1175 3922 notae
1199 3879 1268 3926 non

113 3956 225 4016 sunta
272 3950 345 4017 itae.

111 4086 313 4096 ----.-

200 4169 224 4233 1)
242 4161 381 4234 Melanges
398 4167 432 4222 de
448 4125 602 4224 litterature
618 4183 734 4238 grecque
752 4176 814 4226 cett.
