2812 4822
291 334 469 403 Quaesticnas
487 336 520 390 de
537 334 615 390 Aelio
632 335 762 406 Dionysio
779 341 808 392 et
824 337 959 394 Pausania
975 339 1111 395 atticistis.
1219 341 1286 402 203

127 505 262 573 Suidam
285 509 486 592 corruptelae
508 508 659 592 antiquae
678 514 759 593 sunt,
782 508 858 592 quia
872 530 923 578 res
938 511 1108 578 manifesta
1123 519 1180 597 est,
1203 534 1281 598 pau-

128 629 177 675 cas
204 609 355 676 attulisse
377 608 524 676 sufficiat.

209 709 264 775 Et.
280 710 323 776 M.
340 730 371 794 p.
390 713 553 795 789‚19s.
570 731 600 776 u.
617 707 757 795 φατνώ
765 734 844 792 ματ
852 713 916 790 u¹)·
941 710 1168 795 σανιδώμιατα,
1185 719 1282 802 στέγη

129 808 314 897 λιάγλυφαε
345 832 416 879 cum
446 811 509 878 hac
536 812 646 896 glossa
674 813 845 879 concinunt
873 815 1092 897 expositiones
1114 816 1223 882 Photii
1250 823 1284 884 et

128 911 251 980 Suidae
274 914 372 979 etiam
394 915 534 981 lectione
556 914 639 980 falsa
662 916 768 1000 στέγη,
790 915 880 981 cuius
902 916 973 982 loco
988 917 1079 1000 legas
1096 920 1211 1003 στέγης
1226 938 1282 1002 ge·

126 1015 273 1082 uetiuum
304 1016 376 1082 coll.
399 1015 488 1082 Euat.
510 1037 542 1100 p.
559 1019 630 1098 547,
647 1018 682 1079 2:
713 1017 828 1100 στέγης
851 1013 1028 1101 διάγλαφα,
1052 1038 1123 1084 cum
1146 1016 1282 1104 φατνώ-

124 1138 215 1198 ματα
240 1137 306 1184 non
328 1117 392 1184 sint
414 1123 499 1184 tecta
520 1119 673 1201 laqueata
695 1117 754 1183 sed
776 1118 941 1183 lacunaria
962 1119 1048 1184 tecti.

210 1219 264 1284 Et.
281 1218 323 1284 M.
345 1238 377 1302 p.
395 1222 466 1302 771,
480 1222 520 1282 50
543 1238 567 1285 s.
583 1238 614 1284 u.
638 1215 895 1296 τυντλάζειν·
919 1215 967 1293 εἰς
989 1215 1098 1304 πηλὸν
1114 1217 1282 1302 ἐμβαίνειν

123 1307 143 1402 ἢ
166 1315 382 1405 ἐντιῤῥαίνειν
404 1319 512 1406 πηλῷ.
538 1318 675 1394 τύντλος
696 1315 759 1404 γὰρ
783 1313 800 1383 ὁ
825 1317 982 1407 πηλώόης
1003 1317 1111 1397 τάττος
1131 1309 1153 1406 ἢ
1174 1319 1284 1409 πηλὸς

121 1422 179 1486 καὶ
208 1419 366 1506 τάραχος.
395 1422 451 1486 καὶ
479 1418 685 1496 τυντλάόους
708 1412 783 1486 άντλ
805 1423 864 1485 τοῦ
886 1414 1042 1497 ὑλώδους.
1073 1411 1284 1509 ρητορική.ἢ

74 1600 76 1621 Ι
119 1520 317 1602 τυντλάζειν
344 1514 423 1588 αὐτὸ
447 1523 504 1588 καὶ
527 1515 605 1587 αὐτὸ
630 1523 746 1607 λέγειν.
790 1523 856 1591 Ubi
877 1529 954 1590 ncta
976 1522 1148 1610 ῥητορική,
1172 1546 1282 1609 quam·

119 1643 225 1707 quam
252 1619 400 1699 ὑλώδους
427 1625 541 1690 uitium
569 1625 603 1690 in
624 1624 740 1690 Photio
769 1626 942 1709 reperitur,
972 1632 1080 1692 tamen
1102 1627 1195 1693 nobis
1217 1648 1283 1694 non

118 1725 347 1810 persuadebit,
370 1725 453 1792 hanc
475 1727 616 1810 glossam
632 1745 703 1792 esse
719 1725 838 1792 Photii.
871 1726 999 1792 Etenim
1014 1728 1047 1793 iu
1062 1726 1180 1794 Photio
1196 1728 1280 1810 glos·

120 1847 180 1893 sae
200 1833 313 1911 partes
329 1828 375 1894 ita
390 1829 593 1894 continuatae
614 1833 695 1910 sunt,
717 1833 752 1894 ut
772 1847 889 1910 agmen
910 1827 1008 1895 ducat
1025 1827 1191 1909 adnotatio
1206 1853 1283 1893 τυν-

121 1926 275 2007 τλάζειν·
304 1926 352 2005 εἷς
374 1925 483 2016 πηλὸν
506 1926 689 2012 ἐμβαίνειν·
712 1921 957 2016 Ἀριστοφάνης
980 1936 1012 1996 et
1033 1937 1185 2012 sequatur
1205 1954 1284 1995 τυν-

121 2028 276 2109 τλάζειν·
299 2027 505 2116 ἓντιῤῥαίνειν
520 2030 629 2116 πηλιμῖ
649 2028 786 2106 τύντλος
799 2027 862 2115 γάρ
878 2025 895 2094 ὁ
912 2028 1069 2118 τιηλώδης
1084 2028 1200 2111 τόντος,
1215 2038 1285 2098 tum

121 2167 166 2178 -
183 2133 274 2217 quod
289 2135 430 2200 maxime
445 2134 693 2217 animaduertas,
717 2134 793 2216 quia
811 2132 892 2200 hacc
913 2152 988 2216 pars
1011 2134 1045 2197 in
1059 2134 1284 2218 litymologico

122 2235 167 2300 Μ.
191 2241 285 2320 post
306 2242 441 2302 notam
464 2232 661 2320 ῥητορική
678 2236 783 2301 locum
798 2240 886 2301 tenet
908 2270 950 2279 —
970 2232 1176 2312 τυντλάζειν·
1201 2229 1281 2303 αὐτὸ

122 2336 182 2401 καὶ
208 2327 287 2401 αὐτὸ
312 2336 462 2420 λέγεινῖ),
492 2336 610 2403 deinde
632 2333 781 2411 τάντλος·
811 2332 919 2421 ττηλὸς
940 2337 997 2400 καὶ
1016 2333 1173 2421 τάραχος·
1205 2340 1284 2402 Μέ-

126 2435 278 2523 νανδρος,
294 2444 456 2523 postremo
471 2435 692 2513 τοντλώόους·
715 2431 873 2511 ὑλώδους.
911 2437 1071 2503 Peruelim
1087 2439 1179 2522 scire,
1203 2460 1283 2522 quo·

125 2540 226 2607 modo
249 2540 359 2607 Nabar
382 2545 414 2606 at
435 2540 564 2623 Boysen
587 2541 778 2625 explicaturi
801 2540 873 2624 sint,
897 2559 953 2605 cur
974 2540 1183 2623 Etymologus
1206 2544 1284 2607 arti·

128 2642 219 2709 culos
251 2661 317 2708 nou
345 2642 521 2708 secundum
551 2641 695 2709 ordinem
723 2640 832 2708 Photii
861 2639 1066 2724 descripserit
1094 2661 1198 2726 neque
1227 2663 1284 2709 ex-

127 2743 284 2827 positioni
312 2750 492 2827 extremae,
522 2763 619 2826 quam
649 2762 689 2808 ex
717 2741 833 2808 Photio
862 2741 994 2808 fluxisse
1022 2745 1134 2824 negari
1161 2746 1283 2830 nequit,

128 2845 300 2911 formulam
326 2841 480 2930 ῥητορική
511 2845 720 2911 subiunxerit.
764 2842 807 2908 At
834 2842 1007 2910 medicant
1033 2844 1082 2908 illi
1110 2845 1172 2910 uiri
1194 2844 1284 2912 docti

130 2945 193 3014 lroc
217 2948 401 3031 exemplum
423 2967 480 3014 suo
503 2966 620 3030 genere
637 2946 799 3031 singulare
820 2965 900 3029 esse,
924 2945 1066 3028 glossam
1081 2947 1284 3013 consimilem

130 3046 217 3114 addo
239 3049 290 3114 ut.
305 3048 347 3114 M.
363 3068 394 3131 p.
412 3050 484 3131 798,
501 3049 557 3113 28:
581 3043 705 3133 φορά·
728 3040 748 3131 ἡ
772 3042 856 3110 κατὰ
879 3036 958 3111 ὅλου
980 3044 1088 3111 τόντου
1105 3043 1286 3133 ἒναλλαγή·

129 3156 182 3215 καὶ
211 3146 359 3232 μάλιστα
386 3143 406 3235 ἦ
435 3146 480 3234 μὴ
512 3147 674 3235 δυναμένη
704 3140 753 3235 ἐφ’
780 3146 897 3231 ἑαυτῆς
927 3149 1045 3233 στῆναι
1067 3139 1148 3213 ὅταν
1170 3146 1284 3235 ἐθέλῃ.

129 3248 298 3338 ῥητορική.
320 3251 375 3316 καὶ
399 3248 550 3337 φοράδην
565 3247 603 3316 τὸ
621 3245 808 3337 ὁρμητικῶς
824 3248 1017 3336 φερόμενος,
1042 3271 1176 3333 quarum
1198 3257 1285 3318 utra·

74 3430 76 3445 Ι
127 3371 191 3437 quc
215 3353 381 3420 adnotatio
403 3353 492 3437 apud
506 3352 657 3420 Photium
679 3354 841 3436 legitur3).
887 3350 959 3429 Qua
981 3352 1150 3418 occasione
1173 3353 1284 3419 oblata

74 3450 77 3513 l
127 3461 260 3539 praeter
274 3456 415 3539 glossam
430 3475 528 3539 supra
542 3454 706 3521 laudatam
722 3454 763 3520 de
775 3474 855 3521 uoce
868 3450 982 3537 ἕρντήν,
1005 3473 1102 3536 quam
1113 3473 1155 3520 cx
1166 3452 1283 3523 Photio

217 3657 243 3720 1)
262 3654 303 3710 cf.
323 3659 378 3722 ss,
393 3659 432 3708 ro.

216 3737 474 3808 sunaneganum
497 3738 653 3795 mendosam
675 3753 735 3794 csse
757 3754 813 3794 non
835 3740 932 3809 opinor
954 3739 1015 3793 coll.
1033 3739 1067 3806 gl.
1082 3739 1181 3807 Phryn.
1198 3739 1281 3803 [AGr.

124 3823 216 3880 Bekk.
236 3839 265 3892 p.
284 3827 326 3891 65,
338 3829 392 3888 151:
415 3820 573 3890 τυντλάληε
595 3829 640 3876 καὶ
664 3821 786 3894 ληρώδης
810 3823 899 3898 λόγον,
922 3815 1012 3876 οῖονὸ
1030 3827 1220 3889 πεποτημένος
1237 3829 1283 3876 καὶ

124 3905 228 3963 καινός.
260 3907 301 3962 ct.
317 3907 435 3978 Hesych.
454 3923 476 3964 s.
490 3925 517 3962 u.
537 3914 564 3962 et
581 3923 622 3973 ea,
640 3923 709 3978 quae
726 3908 764 3962 M.
776 3910 899 3966 Schmidt
914 3907 1013 3963 ibidem
1031 3910 1105 3972 [tom.
1120 3906 1167 3962 IV.
1185 3924 1212 3976 p.
1225 3911 1282 3963 186.

122 4009 169 4051 no.
185 3995 266 4058 1646]
284 3993 434 4048 adnotabit.

215 4081 244 4144 3)
254 4076 297 4132 cf.
308 4079 458 4148 exemplum
467 4077 587 4135 eiusdem
595 4078 698 4148 generis
708 4079 838 4148 ἐφεκτοὺτ
846 4077 944 4134 τόκοιο.
965 4075 1282 4146 §9‚1‚5.-cf.§5‚15.

174 4171 302 4224 Leipzigcr
315 4170 415 4216 Studien.
438 4171 496 4216 llll.
1049 4167 1082 4215 14
