2812 4822
198 319 266 380 ρης
376 356 381 362 .
650 311 785 368 Henricus
802 311 916 382 Heyden

289 489 401 554 tati}
417 486 459 553 M.
482 489 598 570 6315,
612 487 667 550 37:
697 480 909 568 ἐδέατρος·
939 482 976 550 τὸ
1001 478 1105 568 μὲν”
1085 507 1192 566 ονομα
1211 481 1361 573 “-Ελληνι

202 590 274 658 κόν·
303 615 322 676 η
312 584 385 654 ‘66
402 589 520 674 χρῆσις
541 583 700 671 Περσική.
734 570 774 671 ἦν
797 583 833 650 δὲ
855 584 1063 674 προμεύστης
1085 583 1123 651 τὸ
1148 587 1281 670 πρῶτον
1303 590 1360 654 καί

202 690 379 779 προήσδιε
400 713 458 755 του
444 685 697 771 βασιλέως
668 711 716 764 εις
737 679 944 774 ἀσφάλειαν·
974 679 1112 772 ύστερον
1136 685 1172 751 δέ
1194 684 1358 775 ἐνομίσθη

202 793 360 877 ἐδέατρον
379 785 544 856 καλεῖν
508 813 567 854 τον
590 786 772 876 ἐπιστάτην
794 790 852 874 τῆς
874 779 955 875 δλης
977 787 1108 855 διακονί
1094 793 1148 865 ίας
1170 789 1225 854 καὶ
1246 811 1360 874 παρα·

205 897 330 979 σκευῆς.
359 885 464 970 ούτως
481 889 529 969 εἰς
543 889 581 957 τὸ
598 894 733 978 πρῶτον
752 888 896 968 λεξικόν·
921 887 955 957 ἐν
971 889 1007 955 δὲ
1028 892 1077 975 τῷ
1100 888 1241 976 δευτέρῳ
1265 883 1360 976 εὗρον

202 989 328 1072 ούτως·
357 992 513 1080 ἐδέατρος
541 987 558 1059 6
589 991 647 1060 ἐπὶ
673 996 738 1059 τῶν
762 991 934 1076 ἐδωδίμων
963 989 1054 1079 [sorr.
1076 992 1234 1078 Sylburg;
1265 992 1361 1061 codd.

205 1093 363 1184 διδύμων]
391 1098 448 1161 καί
469 1097 528 1181 τῆς
549 1094 706 1183 τοιαύτης
733 1096 953 1180 παρασκευῆς.
988 1093 1153 1182 ῥητορική.
1198 1095 1297 1163 Cuius
1320 1098 1363 1164 sit

201 1200 285 1267 illud
307 1201 443 1284 πρῶτον
459 1195 585 1274 λεξικάν
608 1193 686 1282 [soil.
703 1194 886 1283 ῥητορικόν,
909 1202 944 1263 ut
964 1203 1042 1263 nota
1063 1195 1218 1282 ῥητορική
1241 1198 1277 1264 in
1297 1196 1362 1265 fine

203 1302 333 1369 artiouli
367 1299 480 1367 addita
508 1295 680 1385 deelaratl,
712 1319 778 1366 non
810 1301 876 1366 iam
909 1298 1041 1367 dubium
1074 1299 1135 1366 erit
1167 1299 1240 1366 ooll.
1271 1299 1362 1367 Enst

205 1405 342 1490 p1403,
354 1405 395 1466 40
418 1397 510 1486 [Rdfl.
525 1422 577 1467 no.
588 1397 659 1486 156]
673 1404 709 1481 ¹)
735 1397 841 1465 ἐκτου
828 1392 1045 1465 αὖτοῦδὲί
996 1397 1173 1486 ὲρήματος
1190 1396 1270 1486 [soil.
1285 1397 1363 1488 ἐδω]

204 1506 260 1569 καὶ
289 1498 307 1569 6
336 1500 431 1588 παρά
452 1501 593 1587 Αἰλίῳ
615 1506 826 1587 Διονυσίῳ
855 1500 1060 1589 ἐδέατρος.
1098 1505 1178 1587 περὶ
1206 1495 1244 1567 οὗ
1275 1503 1364 1587 λέγει

199 1596 382 1685 ’ἐκεῖνος’
363 1628 417 1671 οτι
438 1600 476 1669 τὸ
499 1597 601 1687 μέν”
582 1628 688 1686 ονομα
707 1597 904 1720 Ἑλληνικύν,
928 1598 1076 1690 ἡδέχρε
1078 1603 1290 1690 ίαΠερσική.
1323 1588 1363 1690 ἧν

200 1707 244 1773 δέ
266 1727 350 1794 φησι
373 1704 578 1794 προγεύστης
600 1709 751 1791 προεσθί
752 1730 797 1771 ων
816 1730 874 1772 του
860 1704 1113 1789 βασιλέως’
1084 1731 1131 1784 εις
1154 1699 1362 1824 άσφάλειαν·

200 1801 384 1893 ύστερονδ
386 1805 587 1895 ὲένομίσθη
611 1805 766 1893 ἐδέατρον
782 1805 950 1873 καλεῖν
915 1832 973 1873 τον
996 1805 1178 1896 ἐπιστάτην
1200 1811 1261 1894 τῆς
1283 1799 1364 1896 ὅλης

208 1908 378 1985 διακονίας
410 1911 466 1974 καὶ
499 1911 722 1995 παρασκευῆς.
774 1910 894 1994 Negari
930 1930 1006 1977 sane
1038 1912 1166 1996 nequit,
1200 1909 1364 1978 Eustathii

206 2014 324 2096 uerba,
347 2031 430 2095 qnae
453 2031 494 2078 ex
515 2012 603 2078 Aelii
625 2011 775 2096 Dionysii
797 2013 903 2078 lexico
925 2018 1055 2096 arrepta
1076 2031 1147 2080 esse
1170 2013 1242 2097 ipse
1264 2011 1362 2097 profi·

207 2120 307 2197 tetur,
337 2112 450 2179 eadem
477 2132 548 2180 esse
576 2119 672 2196 atque
700 2133 783 2197 quae
805 2113 1016 2198 Etymologus
1045 2134 1086 2180 ex
1115 2115 1223 2198 priore
1253 2115 1361 2182 lexieo

207 2215 367 2281 rhetorico
390 2213 560 2299 desumpta
581 2215 687 2280 tradit.
728 2208 842 2282 Utrum
864 2221 971 2281 autem
992 2213 1145 2298 δεύτερον
1168 2213 1297 2292 λεξικάν
1321 2215 1361 2283 de

206 2317 309 2382 altera
323 2318 509 2383 recensione
524 2316 652 2382 Aeliani
668 2318 766 2383 lexioi
782 2316 1032 2400 intellegendum
1049 2319 1090 2384 sit
1112 2352 1154 2364 —
1175 2317 1263 2401 qnod
1280 2317 1360 2385 mihi

207 2416 338 2500 quidem
353 2418 560 2484 uerisimilius
575 2418 702 2484 uidetur
716 2453 758 2463 —-
774 2438 815 2483 an
830 2419 958 2484 lexioon
973 2419 1161 2501 Pausaniae,
1180 2418 1268 2502 quod
1283 2420 1360 2503 Ety-

200 2519 353 2602 mologns
368 2524 441 2602 post
454 2518 540 2584 Aelii
557 2519 674 2584 librum
689 2519 840 2604 inspexit,
863 2520 896 2583 in
912 2518 1010 2586 dnbio
1031 2520 1278 2604 relinquendum
1302 2527 1359 2588 est

217 2635 222 2645 ’
293 2619 429 2686 Glossae
444 2619 607 2704 similes,
598 2641 631 2684 1n
653 2621 768 2704 quibus
790 2616 926 2686 nerba²
912 2643 946 2684 εν
961 2617 1062 2706 ἑτέρῳ
1086 2628 1118 2688 et
1140 2619 1227 2706 ζήτει
1251 2619 1358 2699 εἰς
1322 2646 1359 2688 τε

199 2721 341 2804 πρῶτον
363 2722 521 2805 leguntur,
544 2727 617 2787 sunt
638 2741 669 2805 p
684 2724 755 2804 315,
769 2724 809 2786 53
832 2743 856 2788 s.
872 2741 901 2787 u.
919 2719 1099 2788 ἐδεύετο·
1128 2715 1203 2789 άντί
1224 2725 1287 2789 τοῦ
1310 2721 1362 2790 ἐν·

201 2817 320 2906 δεὴς’
303 2846 342 2908 ην
365 2846 384 2907 η
369 2809 535 2905 ”ἐμένετο
559 2818 687 2908 ἐνδεής·
712 2814 789 2888 οὐδέ
802 2848 837 2889 τι
850 2820 962 2906 θυμος
978 2821 1108 2890 ἐδεύετο
1130 2823 1245 2902 δαιτὸς
1268 2823 1361 2914 ἐίσης

207 2920 256 3008 [Α
271 2920 355 3008 468].
396 2921 490 3008 παρὰ
512 2921 550 2988 τὸ
576 2922 669 2990 δεύω.
707 2927 805 2990 τοῦτο
827 2922 921 3011 παρά
942 2923 980 2992 τὸ
1005 2925 1080 2992 δέω.
1119 2924 1153 2993 ἐν
1174 2925 1277 3015 ἑτέρῳ
1302 2951 1362 3051 ση-

198 3029 318 3106 μαίνει
333 3021 370 3090 τὸ
388 3018 634 3110 ἐκορέννυτο,
603 3039 766 3108 ευωχεῑτο.
790 3026 943 3115 ῥητορική
968 3034 1000 3095 et
1016 3050 1047 3114 p.
1061 3033 1162 3114 54,14
1177 3023 1362 3117 ε.11.άκτή·

199 3120 224 3210 6
244 3117 392 3212 Ἀττική·
422 3126 455 3191 ot
477 3125 537 3210 μὲν
560 3119 629 3193 άπό
652 3152 743 3204 τινος
763 3128 999 3213 βασιλεύοντος
1020 3122 1236 3208 Ἀκταίωνος·
1268 3133 1303 3198 οἱ
1326 3132 1364 3198 66

202 3219 274 3292 άπὸ
291 3230 350 3292 τοῦ
364 3225 407 3292 τά
422 3229 564 3294 πλείονα
583 3233 665 3318 μέρη
689 3228 737 3307 εἰς
760 3229 939 3297 θάλασσαν
962 3229 1182 3299 ἐκνενευκέναι
1205 3238 1365 3321 σημαίνει

203 3328 241 3394 δέ
262 3334 349 3414 τρία.
388 3329 517 3415 λέγεται
541 3330 653 3398 δὲκαὶ
676 3327 693 3399 6
717 3330 846 3419 καρπὸς
876 3332 969 3420 παρά
996 3332 1034 3400 τὸ
1064 3334 1299 3419 κατάγνυσθαι
1329 3334 1364 3402 ἐν

201 3432 252 3514 τηῖ
275 3423 469 3516 άλήθεσθαι
484 3431 678 3522 Δημήτερος
701 3427 812 3522 άκτήν.
851 3433 938 3521 ζήτει
961 3434 1009 3513 εἷς
1031 3434 1068 3503 τὸ
1093 3438 1239 3522 πρῶτον.
1280 3430 1365 3525 άκτὴ

290 3631 493 3699 ltFrngmento
508 3633 579 3688 Aeln
589 3634 721 3705 D1onysn
740 3634 811 3703 qnod
829 3634 997 3693 Rindfleisoh
1015 3637 1033 3694 l.
1045 3654 1068 3694 ε.
1087 3633 1263 3699 transcribit,
1280 3637 1371 3692 uerba

198 3716 390 3771 antecedentia
407 3716 607 3785 praemittenda
624 3726 702 3775 sunt.
721 3723 812 3774 οιτον
798 3717 928 3774 'own
945 3719 976 3776 δι
992 3721 1071 3778 uat‘
1056 3745 1072 3792 η
1092 3716 1227 3801 τιρηδών
1239 3717 1338 3788 ¹6th6
1339 3719 1373 3774 ὅν

203 3819 321 3868 φασυ
262 3797 498 3872 ιξυλοφάγονηυ
467 3798 687 3877 οὓὴχρῆσιεκα
689 3804 785 3875 ὶαὰπρ
801 3803 949 3876 Ἀριάστοφ
950 3811 1247 3871 νιὶείννῑπεκῖόι·τν
1250 3806 1361 3870 Νιρέα
1304 3824 1378 3872 ⁶7²0

201 3881 316 3936 καὶέδει
292 3884 411 3939 ειτὸπα
395 3907 428 3958 αρ
431 3888 517 3941 αεοπσ
502 3908 544 3954 ο,ν
562 3889 685 3958 sequitur
702 3890 735 3944 ir
750 3905 794 3946 no.
806 3895 863 3945 166.
895 3891 938 3949 Gi.
956 3894 1037 3956 Phot
1052 3915 1075 3956 s
1086 3916 1117 3957 u.
1132 3879 1274 3961 {2666
1280 3901 1383 3954 ’.666

200 3971 277 4024 ῗθΐθθ
288 3972 353 4038 suto
369 3971 521 4040 fragmenta
537 3979 723 4031 16166158.
738 3975 813 4029 226
805 3992 833 4031 1n
846 3991 928 4032 unam
940 3981 1060 4050 glossam
1075 3997 1145 4048 oum
1195 3966 1308 4020 66666
1325 3967 1389 4021 ἔδον

199 4066 261 4108 esse
281 4054 475 4124 coniungenda.
