2856 4800
243 313 305 373 202
687 311 821 369 chricus
839 312 950 383 Heyden

243 489 307 555 iam
330 486 517 556 Eustathius
544 507 584 554 cx
607 484 720 552 codem
744 503 841 569 opere
863 491 960 568 atque
982 485 1192 569 Etymolcgus
1214 503 1273 551 sua
1296 483 1381 553 suffu-

243 599 330 658 ratus
359 591 446 657 idem
474 592 593 655 lemma
621 586 753 654 exhibet
779 608 811 671 p.
835 590 932 670 1625,
951 592 989 651 17
1003 590 1024 666 ¹)
1047 577 1166 651 ...ὅτι
1191 585 1309 670 raddei
1334 588 1381 651 καὶ
1419 656 1421 669 ,

242 694 363 772 ταρσοὶ
384 691 534 777 τάλαροι.
1418 672 1421 735 h

329 797 483 862 Doctrina
503 795 675 879 singularis
696 793 779 859 inest
800 792 835 858 in
856 791 1039 875 htymologi
1054 791 1095 856 hl.
1111 791 1221 874 glossa
1242 793 1379 875 csspcplt

246 893 286 981 [p.
304 900 374 981 774,
392 893 458 982 13]·
481 892 500 981 ἡ
517 893 602 979 μετὰ
624 894 906 981 προπηλακισμοῦ
920 893 976 958 καὶ
996 889 1154 978 ἐπηρείας
1170 890 1277 959 αἰκία·
1302 890 1380 957 αἰκία

245 995 289 1076 δέ,
312 998 438 1084 πληγαὶ
460 995 572 1080 μόνον.
596 1001 732 1071 Λυσίας
755 994 788 1058 ἐν
810 996 858 1078 ιη’
872 996 952 1081 περὶ
968 992 1078 1071 αἰκίας
1092 992 1179 1080 πρὸς
1189 985 1379 1081 Ἰσοκράτην·

241 1092 363 1165 ‘salsos
395 1104 447 1174 τίς
476 1090 534 1161 οὐκ
562 1093 651 1162 οἶδεν
678 1091 785 1178 ὑμῶν,
820 1088 873 1162 ὅτι
900 1093 960 1181 τὴν
989 1095 1049 1179 μὲν
1078 1094 1189 1161 αἰκίαν
1215 1094 1379 1183 χρημάτων

243 1196 311 1267 eccl
341 1197 616 1282 μόνοντιμησαις
643 1194 721 1272 τοὺς
750 1195 786 1261 δὲ
813 1193 957 1283 ὑβρίζειν
985 1195 1145 1274 δόξαντας
1167 1195 1294 1274 lisam
1314 1192 1379 1279 ὑμῖν

242 1298 384 1384 θανάτῳ
408 1291 568 1386 ζημιοῦν.
599 1296 763 1385 ῥητορική.
793 1297 917 1365 Αἰκίαι
939 1302 1036 1384 igitur
1062 1301 1292 1368 sunt‘uerbcra
1312 1303 1379 1383 sola,

244 1422 342 1485 quae,
366 1408 400 1468 ut
423 1423 464 1469 ex
486 1403 605 1486 Lysiae
626 1402 805 1484 fragmento
827 1408 978 1486 apparet,
1007 1403 1144 1486 pecunia
1165 1403 1379 1484 multabantur,

244 1495 339 1589 ίβρις
361 1512 468 1571 autem
491 1510 540 1571 est
561 1504 743 1571 uerberatio
766 1524 837 1569 oum
860 1505 1062 1570 contumeliis
1085 1506 1270 1588 coniuncta,
1299 1523 1378 1588 quac,
1419 1554 1421 1597 ;

245 1609 321 1689 quia
342 1607 399 1673 illo
422 1607 541 1673 delicto
557 1606 656 1672 multo
671 1607 801 1689 gramor
814 1606 996 1690 putabatur,
1019 1613 1121 1672 morte
1135 1607 1241 1691 puniri
1257 1611 1379 1691 poterat.
1419 1602 1421 1677 ἐ

243 1706 339 1792 Quae
368 1708 527 1791 expositio
561 1709 594 1773 in
622 1707 731 1773 Photii
763 1708 869 1774 lexico
895 1707 989 1774 foede
1018 1709 1184 1790 inquinata
1213 1712 1379 1793 comparet:

242 1799 376 1893 ὕβρις·
399 1802 418 1893 ἡ
434 1805 519 1890 μετὰ
534 1809 815 1896 προπηλακισμοῦ
836 1811 892 1873 καὶ
908 1806 1067 1893 ἐπηρείας
1082 1810 1138 1873 καὶ
1153 1807 1276 1885 αἰκίας·
1302 1807 1380 1874 αἰκία

243 1907 278 1972 δὲ
302 1916 374 1976 cett.

330 2009 416 2086 Quid
438 2011 539 2093 ergo?
561 2029 772 2096 possumusne
795 2009 846 2076 his
868 2010 900 2074 in
918 2011 1034 2094 glossis
1050 2011 1180 2078 easdem
1195 2013 1380 2096 corruptelas

245 2112 408 2178 statuere?
431 2113 569 2179 Tantum
592 2114 693 2196 abest,
717 2118 752 2177 ut
765 2112 977 2197 Etymologus
992 2114 1033 2178 M.
1050 2133 1092 2179 ex
1107 2112 1219 2179 codice
1236 2112 1381 2194 Galeauo,

242 2212 276 2278 id
299 2213 386 2295 quod
400 2214 563 2297 Boysen3)
587 2213 801 2297 commendat,
823 2213 931 2280 Photii
955 2215 1132 2280 doctrinam
1147 2214 1382 2298 deprompserit,

244 2322 278 2382 ut
299 2317 502 2401 patriarchae
525 2317 642 2383 scrinia
665 2317 792 2382 omnino
816 2336 888 2382 eum
911 2337 976 2383 non
999 2317 1191 2400 compilasse
1213 2322 1333 2400 pateat.

327 2418 529 2502 Glossarnm,
554 2418 668 2500 quibus
691 2418 823 2485 eaedem
845 2419 933 2502 apud
956 2417 1123 2501 Photium‚
1152 2418 1382 2502 Etymolcgum‚

329 2621 353 2684 1)
371 2617 410 2671 cf.
430 2617 662 2682 Rindfleischium,
679 2617 730 2685 frg.
743 2616 812 2671 Aelii
829 2616 862 2669 D.
883 2621 911 2671 et
928 2617 1007 2670 Paus.
1027 2633 1071 2671 no.
1086 2621 1145 2672 333.

328 2706 353 2769 2)
372 2702 413 2758 Cf.
432 2703 691 2767 Meter-Schemann
709 2705 757 2756 att.
777 2702 856 2757 Proo.
875 2703 973 2756 iterum
991 2703 1031 2758 ed.
1052 2702 1159 2770 Lipsius
1177 2719 1204 2771 p.
1219 2706 1277 2756 398.

328 2792 353 2851 31
372 2787 409 2842 Ut
426 2788 496 2842 hanc
514 2788 674 2842 sententiam
691 2788 797 2857 Boysen
816 2787 956 2842 confirmet
974 2792 1010 2856 [p.
1026 2791 1082 2851 69],
1101 2787 1199 2853 glossis
1217 2785 1384 2855 ineptissimis

242 2873 288 2926 Et.
298 2873 336 2927 M.
346 2889 373 2939 p.
385 2877 468 2938 381,2
486 2869 628 2926 ἐσάλευε
646 2875 673 2926 et
691 2889 717 2941 p.
729 2876 812 2937 790,8
831 2869 974 2941 φελόνην
991 2872 1086 2925 utitur.
1114 2871 1184 2926 Nam
1196 2878 1227 2926 ut
1238 2871 1267 2926 id
1279 2873 1386 2927 missum

243 2955 351 3023 faciam,
360 2957 434 3010 illum
445 2959 533 3011 uirum
546 2957 656 3013 doctum
668 2956 785 3025 quinque
798 2955 1028 3023 adnotationibus,
1043 2971 1110 3025 quas
1121 2956 1244 3024 ascripsi,
1257 2955 1386 3025 redargui,

242 3041 349 3109 glossae
368 3038 480 3111 φελόνην
497 3043 547 3096 soli
565 3042 671 3097 codices
685 3041 710 3093 D
722 3041 782 3097 etV
799 3045 891 3095 notam
910 3041 1013 3095 addunt
1030 3047 1111 3110 atque
1129 3056 1196 3109 eam,
1215 3044 1246 3096 ut
1263 3041 1388 3098 facillime

245 3125 306 3180 heri
322 3127 423 3195 potuit,
440 3126 480 3195 :cx
498 3127 589 3194 glossa
607 3125 783 3180 antecedente
800 3123 939 3195 φαιλόνηι.
973 3125 1062 3180 Priori
1079 3129 1168 3180 autem
1187 3125 1301 3181 articulo
1319 3142 1387 3182 uuus

244 3210 329 3265 codex
346 3211 420 3265 Flor.
440 3210 467 3282 [1.
479 3227 502 3265 c.
520 3229 547 3281 p.
559 3215 618 3275 128]
636 3211 788 3278 subiungit:
813 3215 939 3277 σημαίνει
957 3205 1019 3276 diri
1039 3209 1157 3272 λέξις...
1177 3207 1312 3281 ῥητορική,
1332 3211 1388 3280 qui·

243 3296 294 3350 bus
312 3311 345 3350 ex
362 3297 454 3353 uerbis
477 3295 687 3364 haudquaquam
706 3311 767 3350 cum
784 3296 908 3364 Boyseno
927 3295 1049 3349 conicere
1066 3295 1147 3350 uelim
1164 3296 1278 3349 uerbum
1296 3295 1390 3362 ἡλέξιι

243 3394 304 3433 cum
321 3386 386 3435 nota
404 3380 529 3452 ῥητορική
547 3381 762 3448 coniungendum
780 3395 848 3436 csse.
876 3379 943 3434 (lum
961 3381 1137 3434 enimSuidas
1149 3381 1200 3435 sub
1216 3381 1310 3435 eudem
1322 3397 1391 3437 uoce

243 3463 363 3518 declaret
380 3466 553 3519 enunciatnm
571 3465 650 3519 huius
668 3466 774 3533 glossae
795 3468 943 3519 extremum
960 3480 994 3518 ex
1012 3465 1054 3520 his
1070 3465 1162 3519 uerbis
1176 3469 1315 3521 constare:
1336 3484 1390 3533 ση-

242 3553 359 3616 μαίνει
378 3544 414 3600 dd
433 3547 449 3615 ἡ
469 3547 561 3610 λέξις
582 3547 614 3602 τὸ
636 3548 683 3603 τὰς
701 3546 812 3602 ἐλπίδας
835 3552 881 3602 ἐπὶ
905 3547 1009 3601 τούτοις
1026 3549 1160 3614 είχεν...,
1178 3549 1270 3604 eodem
1287 3551 1349 3606 iure
1367 3557 1392 3607 et

243 3633 345 3688 maiore
366 3633 595 3687 uerisimilitudinc
611 3628 636 3698 ‘sl
655 3630 733 3696 λέξας’
754 3633 788 3687 ad
806 3634 920 3688 uerbum
937 3629 1079 3701 “σημαινιι’
1099 3637 1253 3698 reuocetur,
1271 3634 1300 3688 id
1318 3635 1392 3706 quod

244 3717 351 3786 Boysen
368 3717 448 3772 nullis
466 3718 630 3785 argumentis
647 3733 745 3786 negare
762 3718 871 3786 poterit.
899 3717 959 3772 Huc
977 3718 1091 3783 aceedit,
1110 3717 1181 3786 quod
1199 3718 1270 3786 apud
1282 3719 1393 3789 Etymo·

244 3802 334 3868 logum
351 3808 416 3857 nota
432 3798 449 3868 ἡ
468 3801 536 3865 λέξις
554 3802 681 3873 ῥητορική
698 3819 748 3871 pro
766 3818 870 3857 summa
884 3803 1017 3857 uarietate
1028 3803 1203 3857 formularum
1217 3804 1318 3858 usitata
1336 3821 1393 3862 non

244 3889 286 3939 est
302 3885 347 3950 [cf.
367 3886 452 3941 Meicr
469 3903 531 3956 opp.
542 3887 619 3943 acad.
630 3889 665 3952 ΙΙ,
678 3905 705 3956 p.
718 3893 766 3942 115
777 3893 836 3957 sq.].
872 3887 975 3955 Quibus
993 3889 1133 3956 perpensis
1151 3889 1218 3943 hacc
1235 3889 1394 3960 Etymclogl

243 3968 334 4038 glossa
346 3985 379 4024 ex
387 3971 494 4038 Photio‚
512 3973 559 4042 qui
575 3974 653 4028 modo
672 3973 756 4028 uerba
768 3979 894 4040 σημαίνει
907 3969 937 4025 δέ
947 3974 1059 4041 praebet
1071 3972 1175 4027 omissis
1185 3974 1275 4029 uerbis
1287 3969 1304 4040 ἡ
1314 3973 1393 4043 λέξιν,

242 4067 365 4110 manasse
382 4070 437 4109 non
453 4059 552 4124 potest.
