2856 4800
299 328 473 396 Quaestiones
491 327 524 382 de
540 327 618 382 Aelio
634 325 766 395 Dionysio
784 330 811 380 et
828 326 965 382 Pausania
982 327 1118 382 atticistis.
1223 328 1281 386 183

135 501 178 566 de
202 520 270 582 suo,
295 519 378 582 quae
401 519 478 564 sane
502 499 610 563 omnia
632 503 723 563 erant
744 498 852 580 exilia,
876 504 908 562 et
930 518 1012 579 quae
1034 498 1221 563 insontibus
1236 499 1282 562 111-

136 603 386 684 uestigauerant,
410 601 479 665 sine
502 605 609 663 mente
624 619 662 664 ac
676 599 800 664 ratione
815 598 970 664 referrent
985 606 1017 664 et
1031 605 1241 682 congererent
1251 602 1282 674 ¹).

135 702 242 780 Quam
264 720 333 766 rem
355 701 401 764 ita
423 719 458 766 11
480 699 601 765 babere
623 699 825 766 manifestum
848 698 883 763 fit
905 705 937 763 11
957 701 1114 782 exemplis
1129 701 1283 768 sescentis

136 823 202 868 non
232 802 335 867 solum
366 819 405 865 ex
429 802 652 884 Etymolcgico
674 801 716 865 Μ.
739 820 849 866 uerum
879 801 975 866 etiam
1005 791 1049 864 ex⁰
1073 803 1145 866 aliis
1168 803 1281 868 lexicis

139 904 274 986 sumptis
291 903 484 968 Graecorum
499 903 816 985 Romanorumque2),
839 909 871 968 et
886 902 1087 984 expositione
1102 903 1282 986 Etymologi

137 1005 180 1069 M.
203 1004 244 1070 de
266 1024 345 1070 uoce
369 1001 520 1085 ἰάλεμος,
547 1005 580 1068 in
604 1024 667 1086 qua
688 1003 827 1069 dixerim
850 1005 952 1069 furem
974 1003 1075 1068 teneri
1096 1010 1163 1068 tam
1184 1005 1281 1069 mani·

136 1105 253 1171 festum
275 1126 371 1188 quam
392 1107 481 1171 nullo
497 1106 561 1171 alio
577 1107 657 1171 loco.
693 1105 834 1171 Primum
850 1107 935 1172 enim
951 1105 1143 1187 quicumque
1158 1104 1283 1171 initium

137 1209 278 1289 glossae:
310 1211 464 1292 σημαίνει
494 1203 552 1270 cdv
581 1208 719 1292 θρῆνον.
754 1204 826 1271 ἔστι
853 1203 916 1291 γὰρ
944 1202 1032 1281 εἶδος
1061 1203 1189 1290 θρήνου
1210 1226 1282 1290 per·

136 1308 298 1392 penderit,
328 1315 495 1392 utramque
524 1310 790 1393 explicationem,
824 1309 939 1391 quibus
968 1308 1054 1374 idem
1076 1308 1281 1392 significetur,

134 1430 177 1475 ex
200 1410 315 1477 eodem
337 1411 419 1476 libro
443 1430 513 1478 esse
537 1410 730 1495 descriptam
753 1411 893 1494 negabit.
927 1411 1011 1476 Dein
1032 1411 1171 1494 priorem
1186 1412 1281 1477 inter·

133 1512 349 1595 pretationem
372 1516 527 1597 σημαίνει
548 1509 607 1575 τὸν
628 1513 755 1596 θρῆνον
771 1533 813 1578 11
828 1512 942 1578 eodem
958 1531 1054 1596 opere
1070 1513 1204 1594 petitam
1218 1532 1282 1578 non

135 1632 207 1678 esse
218 1633 257 1678 ac
269 1614 368 1679 uerba
379 1615 559 1696 sequentia:
573 1603 630 1676 ὅτε
640 1611 700 1691 μὲν
712 1619 784 1679 1111.
799 1609 876 1696 [scil.
886 1633 928 1679 ex
939 1614 1161 1696 Etymologico
1174 1609 1282 1696 Gudl,

134 1720 234 1797 patet.
267 1715 381 1797 Neque
404 1716 489 1780 enim
511 1713 666 1780 credibile
688 1723 737 1781 est
758 1716 983 1798 Etymologum
1000 1715 1040 1779 M.
1057 1715 1212 1798 inpriore
1228 1734 1282 1780 ex·

134 1816 309 1898 plicatione
325 1809 384 1899 [Et.
402 1812 496 1899 cua]
511 1835 575 1881 non
588 1816 798 1899 acquieuisse,
821 1815 879 1882 sed
894 1816 1002 1882 Photii
1016 1817 1122 1882 lexico
1137 1819 1282 1900 inspecto

134 1916 269 1981 alteram
293 1916 367 1982 hinc
388 1916 554 1983 addidisse
576 1937 615 1983 ac
637 1923 704 1982 tum
726 1916 768 1982 ad
791 1917 975 2000 Etymologi
995 1916 1078 1983 (lud.
1095 1919 1282 2001 explicatio·

133 2037 208 2082 nem
233 2017 477 2084 exscribendam
499 2018 646 2084 rediisse.
683 2019 768 2102 Ergo
792 2020 969 2101 statuimus,
992 2020 1220 2103 Etymologum
1239 2021 1280 2085 M.

133 2122 274 2203 priorem
292 2122 586 2204 interpretationem
602 2141 643 2186 ex
658 2120 810 2187 Moeridis
825 2123 945 2188 uerbis:
970 2117 1059 2184 ίάλε
1065 2145 1090 2203 μ
1100 2144 1156 2199 ος,
1172 2114 1281 2187 Ἀττι-

134 2223 210 2294 κιῦς.
240 2224 394 2306 σημαίνει
417 2219 453 2284 δὲ
474 2217 532 2285 τὸν
554 2221 681 2303 θρῆνον
694 2268 701 2282 .
715 2269 722 2285 .
736 2270 744 2285 .
758 2270 783 2300 .,
806 2223 940 2289 alteram
964 2242 1006 2288 ex
1028 2223 1136 2290 Photii
1158 2226 1280 2306 glossa:

135 2321 277 2402 ίαλεμώ·
300 2323 427 2407 θρηνῶ.
457 2319 592 2402 ἰάλεμος
614 2320 676 2406 γὰρ
698 2319 826 2407 θρήνου
850 2318 953 2398 εἶδος·
984 2330 1056 2389 1111.
1079 2326 1212 2408 petiisse
1235 2333 1282 2391 at·

134 2444 208 2506 que,
229 2444 310 2507 quae
326 2445 346 2489 a
360 2424 468 2500 uerbis
484 2415 540 2488 ὅτε
554 2421 614 2505 μὲν
631 2430 703 2490 1111.
720 2431 877 2508 secuntur,
901 2444 942 2490 11
956 2425 1181 2509 Etymclogioo
1197 2427 1280 2494 eud.

134 2526 244 2591 eiusue
266 2526 353 2591 fonte
375 2526 512 2608 aliisque
534 2524 731 2591 adiunxisse.
770 2525 836 2591 Sed
858 2532 929 2591 utut
952 2533 1009 2610 est,
1033 2528 1145 2611 negari
1159 2531 1280 2614 nequit,

133 2648 217 2710 quae
247 2627 379 2693 laudaui
409 2623 480 2690 ἔστι
502 2623 564 2712 γὰρ
588 2621 676 2702 εἶδος
697 2625 826 2712 θρήνου
848 2629 949 2694 uerba
969 2649 1034 2695 non
1057 2650 1128 2697 esse
1151 2632 1280 2716 Etyma·

132 2730 199 2810 logi
215 2729 256 2793 Μ.
273 2730 384 2812 ipsius,
407 2728 474 2808 sed,
497 2748 570 2793 cum
585 2747 649 2792 non
662 2730 744 2793 sorte
759 2729 878 2795 factum
894 2731 945 2811 sit,
966 2736 1001 2794 ut
1016 2730 1150 2796 Photius
1166 2734 1281 2798 eadem

133 2830 298 2912 praebeat,
321 2830 421 2894 solius
443 2827 654 2912 patriarchae.

214 2921 475 3013 Ἰδιοίτερον·
500 2925 690 3013 ἰδικώτερον
702 2930 725 3006 3)
747 2930 888 3012 glossam
910 2931 1095 3015 Etymologi
1110 2933 1152 2998 M.
1168 2933 1281 3000 deberi

132 3031 259 3116 Photio,
282 3030 367 3115 apud
384 3049 479 3113 quem
495 3031 644 3114 legimus:
668 3027 863 3116 ἰδιαίτερον·
888 3029 1087 3118 ἰδικώτερον,
1110 3036 1190 3102 mihi
1206 3057 1279 3103 oon·

133 3133 246 3216 cedes,
276 3134 463 3217 praesertim
489 3153 561 3199 cum
583 3135 784 3218 perlustratis
807 3136 952 3202 omnibus
975 3137 1030 3218 qui
1052 3143 1127 3202 ante
1149 3138 1279 3219 Etyma-

132 3234 242 3317 logum
264 3236 305 3299 M.
328 3236 533 3319 scripserunt,
555 3236 796 3320 lexicographis
818 3238 1043 3321 superstitibus
1066 3238 1194 3301 illorum
1209 3257 1279 3302 uer·

131 3337 245 3402 borum
266 3356 308 3402 ne
329 3338 501 3420 uestigium
524 3338 653 3418 quidem
674 3338 862 3420 reperiatur.

217 3439 267 3503 De
295 3437 539 3502 Atheniensium
568 3437 621 3501 dio
650 3437 748 3518 festo,
778 3455 873 3517 quem
903 3432 992 3521 ἱερὸν
1019 3433 1126 3521 γάμον
1152 3449 1277 3524 uocant,

132 3545 261 3603 exstant
281 3557 386 3620 pauca
407 3539 439 3601 in
455 3537 620 3620 Hesychii,
643 3536 761 3622 Photii,
784 3538 969 3623 Etymologi
989 3539 1031 3606 Μ.
1046 3542 1171 3626 lexicis,
1195 3563 1277 3625 quae

221 3720 245 3781 l)
264 3715 304 3770 cf.
322 3717 474 3785 Boysanum
491 3718 547 3773 1.1.
566 3735 592 3787 p.
606 3723 648 3777 68.

219 3803 244 3867 2)
262 3799 302 3855 Of.
321 3799 440 3856 Festum.
762 3798 767 3815 ⁴

220 3889 244 3952 3)
263 3885 304 3941 Gi.
319 3885 945 3958 1111111111.1111111111.1611111.3,11111
961 3888 1168 3960 Oudendorpius
1179 3891 1278 3948 Suidae

133 3966 421 4040 111111111111ικώτερον
438 3969 467 4024 in
485 3966 627 4040 ῖδιώτερον
645 3973 801 4027 mutandam
818 3988 878 4028 csse
895 3973 994 4028 iniuria
1011 3978 1110 4040 censet,
1129 3977 1193 4045 quia
1209 3977 1277 4033 haec

134 4053 220 4106 uerba
228 4053 257 4106 in
264 4053 354 4108 Photii
364 4054 464 4122 codice,
470 4070 505 4109 11
510 4055 586 4111 cuius
595 4055 681 4111 lexico
690 4055 719 4110 in
729 4056 838 4111 1111111111
848 4057 1038 4125 migrauerunt,
1044 4059 1083 4115 ita
1092 4060 1194 4128 scripta
1204 4065 1276 4116 sunt.
