2856 4800
246 328 424 400 Quaestionea
442 328 475 384 de
492 329 569 384 Aalio
587 329 716 400 Dionysio
735 333 762 384 et
779 329 916 385 Pausania
932 329 1067 386 atticistis.
1172 331 1235 390 229

116 498 144 566 ίν
157 497 220 585 γάρ
236 499 270 565 ολ
285 498 496 588 ἒρῥαισμένοι
510 499 570 588 τὴν
584 501 685 585 βάσιν
700 503 756 567 καὶ
772 501 885 590 ῥαιβολ
907 501 1011 579 πόδες
1033 502 1066 568 οἱ
1089 495 1235 568 άπευον-

116 605 158 679 ίος
184 613 257 678 τοῖς
277 603 449 684 βλαισοῖς,
480 602 638 691 ραιβότης
661 603 696 670 δὲ
720 602 777 671 ἐπὶ
799 597 984 691 ὀφθαλμοῦ
1007 597 1076 671 ἀνω
1099 617 1195 671 ποιεῖ
1216 596 1236 669 ό

118 723 171 769 ασι
192 699 239 768 τώ
263 701 364 768 κάτω.

169 809 219 870 11.
250 806 300 871 Et.
316 806 358 872 M.
380 827 412 890 p.
425 811 498 890 257,
511 811 568 872 24:
596 805 781 894 δέρτρον·
886 804 921 871 έν
944 805 980 871 δέ
1001 809 1050 893 τῴ
1073 809 1236 895 ῥητορικῷ

116 903 201 990 ιξικηῑ
231 897 326 991 εὗρον
358 911 532 994 σημαίνειν
560 905 619 973 τὸν
647 905 828 988 ἐπίπλουν,
856 905 917 993 την
945 902 1012 974 ύπδ
1041 907 1100 994 τὴν
1130 907 1237 993 σάρκα

116 1007 244 1094 ιμέλην·
271 995 293 1092 5
315 1004 373 1073 τδν
394 1003 612 1092 ὑποκείμενον
633 1011 682 1094 τῷ
703 999 811 1095 ἥπατι
838 1005 958 1091 ὑμένα·
985 998 1007 1095 5
1034 1006 1094 1096 τὴν
1124 1006 1235 1096 δοράν.

116 1107 182 1174 λλοι
204 1107 241 1173 δὲ
263 1106 301 1174 τδ
325 1104 393 1175 ύπδ
415 1113 482 1175 τών
505 1109 629 1196 ἰατρῶν
652 1110 826 1197 λεγόμενον
847 1096 946 1198 ἦτρον
958 1116 980 1190 1)
988 1162 996 1191 ,
1022 1103 1238 1198 Ἀρίσταρχος

116 1207 173 1274 λτδ
191 1208 297 1296 δέρμα
310 1213 367 1277 καὶ
382 1210 493 1276 πάντα
514 1210 573 1279 τόν
592 1215 705 1300 χρῶτα
726 1211 785 1279 τὸν
807 1211 874 1298 πρδ
897 1215 957 1278 τού
977 1205 1118 1300 ἥπατος.
1155 1214 1236 1279 Atti·

116 1318 165 1378 sta
186 1312 274 1397 apud
296 1314 499 1380 Eustathium
520 1336 551 1399 p
567 1319 658 1399 1700,
672 1319 705 1382 3:
735 1318 792 1382 καὶ
820 1309 930 1391 άλλως
961 1313 997 1379 δὲ
1018 1313 1122 1380 κατὰ
1143 1311 1238 1390 τοὺς

120 1411 296 1489 αλαιοδς
317 1413 513 1500 γοργότερον
534 1413 652 1496 εἰπεῖν,
677 1411 852 1534 δέρτρον’
832 1440 852 1502 η
876 1411 943 1481 ύπδ
967 1413 1027 1501 τὴν
1050 1415 1156 1503 σάρκα
1178 1438 1238 1482 πι-

116 1515 182 1635 έλη,
205 1503 567 1638 γ’γ’δύποκείμενος“
548 1514 634 1604 υμην
660 1520 709 1602 τῴ
737 1509 859 1603 ἥπατι,
889 1506 910 1602 ἦ
938 1511 1040 1583 δέπί
1027 1505 1195 1593 ίπλους
1173 1512 1236 1602 ηδ

116 1615 177 1738 νρά,
200 1605 222 1702 ά,
243 1615 281 1683 τδ
297 1602 407 1703 ἦτρον,
432 1613 529 1685 ἄλλοι
545 1617 630 1683 δε
595 1644 632 1684 το
651 1617 814 1706 ἒφηβαιον
831 1619 966 1705 δέρτρον
982 1613 1088 1684 εἶπον.
1119 1614 1238 1685 Ἱππο-

116 1716 206 1806 νάτης
228 1718 264 1784 δὲ
287 1717 321 1784 έν
338 1745 385 1806 τῳ
374 1721 488 1807 περὶ
510 1719 708 1807 τραυμάτων
731 1726 850 1810 φησίν
874 1713 912 1786 ού
936 1718 1219 1808 σαρκοφυήσειν
1185 1718 1237 1785 ἐν·

116 1823 185 1907 ἕρου
207 1817 245 1887 τὸ
271 1820 393 1888 λεπτὸν
416 1822 561 1911 δέρτρον.

173 1927 221 1988 12.
248 1925 299 1989 Et.
314 1924 356 1989 M.
375 1946 407 2010 p.
421 1930 472 2009 57,
484 1929 540 1991 25:
564 1916 767 2012 ἀλάστωρ·
791 1973 841 1990 ...
856 1920 941 1988 κατὰ
957 1922 1017 2007 μὲν
1029 1920 1237 2009 Χρύσιππον

116 2025 143 2089 λν
163 2022 354 2111 φιλόσοφον
377 2023 435 2091 ἐπὶ
456 2029 516 2091 τοῦ
539 2021 738 2113 άμαρτωλοῦ
759 2028 816 2092 καί
838 2029 967 2114 φονέως
989 2017 1058 2091 άπὸ
1082 2026 1141 2109 τῆς
1163 2020 1240 2088 έλά-

116 2149 180 2206 εως,
205 2121 222 2191 5
240 2121 333 2204 άξιος
347 2130 408 2193 τοῦ
424 2122 626 2195 ἐλαύνεσθαι
649 2127 706 2195 διά
724 2127 844 2216 φόνον·
866 2116 888 2214 5
911 2120 980 2194 ἀπὸ
1003 2130 1063 2195 τοῦ
1086 2120 1241 2193 ἀλᾶσθαι

116 2227 122 2290 λ
140 2228 352 2295 πλανᾶσθαι.
381 2219 438 2315 55
459 2223 588 2295 άλαστα
611 2228 716 2316 δρῶν·
738 2227 822 2295 κατά
839 2228 874 2295 δὲ
890 2223 1147 2315 Ἀπολλόδωρον
1168 2219 1237 2291 ἀπὸ

116 2332 145 2395 ιῦ
168 2322 352 2411 άλιτεῑν,
339 2356 356 2396 ο
351 2323 471 2396 ἐστιν
493 2324 715 2407 άλιτανεύτως
738 2323 874 2396 ἀδικεῖν.
918 2328 1067 2415 Μήποτε
1090 2326 1126 2392 δέ
1148 2325 1239 2392 ἐστιν

129 2428 185 2496 διδ
213 2435 357 2516 μέγεθος
386 2433 452 2496 τῶν
479 2433 723 2516 πεπραγμένων
752 2423 841 2516 αὐτῷ
870 2430 962 2516 λιτῆς
989 2427 1034 2557 μη
1062 2424 1240 2504 καταξιοά-

116 2549 203 2610 ενος·
230 2523 252 2619 5
275 2529 292 2600 5
315 2536 455 2601 τοιαῦτα
477 2533 646 2621 τολμήσας
668 2532 839 2622 πράττειν,
868 2526 914 2599 ὦν
937 2530 981 2619 μὴ
1006 2530 1096 2598 έστιν
1119 2527 1240 2596 ἐπιλα-

116 2641 222 2703 ί.σθαι
260 2635 318 2702 ἐπὶ
342 2636 378 2702 δὲ
399 2661 457 2702 του
444 2634 566 2713 Διὸς
588 2636 660 2703 οἶον
683 2629 849 2759 ἀλάστωρ
886 2633 970 2713 Ζεύς
994 2627 1062 2701 ἀπὸ
1086 2635 1147 2700 τοῦ
1168 2643 1241 2709 τοῖς

116 2738 128 2804 5
152 2734 282 2803 άλαστα
304 2735 490 2818 πάσχουσιν
507 2728 753 2819 ἐπαμύνειν.
731 2764 751 2824 η
769 2763 845 2803 οτα
833 2732 991 2801 άλαστα
1014 2733 1175 2820 [τουτέστι
1197 2730 1240 2797 τά

116 2835 228 2926 ιλεπδι]
256 2840 374 2926 τηρῶν.
411 2838 627 2924 Μένανδρος·
654 2832 686 2902 ‘5
712 2830 745 2902 δ’
771 2833 927 2922 ἀλάστωρ
950 2834 1011 2922 ἐγώ
1033 2836 1037 2920 Ι
1056 2837 1113 2902 καὶ
1143 2832 1239 2922 ζηλό-

116 2966 193 3019 νπος
209 2931 406 3026 ἄνθρωπος’
428 2941 484 3005 καὶ
504 2934 687 3022 ςδαιμόνων
703 2930 926 3023 ἀλαστόρων’.
961 2929 1065 3014 ούτως
1081 2930 1176 3023 εὗρον
1192 2934 1241 3012 είς

116 3040 269 3120 λλεξικδν
284 3038 321 3107 τδ
340 3039 523 3129 ῥητορικόν.
559 3043 711 3109 Αίλίοἱολο
725 3042 814 3126 apud
829 3041 1033 3109 Eustathium
1052 3062 1084 3125 p.
1097 3045 1170 3123 474,
1183 3041 1240 3104 22:

117 3143 181 3230 αρδι
199 3143 234 3208 δὲ
249 3155 320 3219 τοῖς
342 3135 479 3230 ύστερον
498 3144 555 3208 καὶ
569 3139 654 3220 Ζεδς
677 3134 841 3229 ἀλάστωρ,
864 3138 904 3207 δν
927 3139 1110 3207 ἐλάνθανεν
1134 3131 1240 3219 οὐδέν,

123 3241 140 3310 5
157 3257 230 3319 τοῖς
247 3238 376 3310 άλαστα
391 3243 577 3326 πάσχουσιν
590 3241 767 3327 ἒπαμύνων
789 3241 891 3308 κατὰ
912 3241 1005 3320 τούς
1026 3237 1239 3316 παλαιούς.

116 3346 207 3420 ιινιῖς
235 3346 350 3427 μέντοι
380 3339 533 3432 ἀλάστωρ
563 3346 690 3432 φασὶν
719 3339 736 3411 5
762 3339 960 3430 ἁμαρτωλός
988 3331 1009 3428 5
1036 3338 1121 3407 κατά
1147 3338 1241 3427 Χρύ-

116 3469 219 3512 τππον
235 3440 253 3511 δ
269 3444 390 3533 φονεύς
405 3444 462 3513 διδ
476 3444 514 3513 τὸ
532 3441 624 3523 άξιος
646 3441 733 3512 εἶναι
755 3438 908 3511 ἀλᾶσθαι
929 3435 950 3531 5
974 3438 1240 3514 ἀπελαύνεσθαι.

116 3545 328 3635 αρύτερονδὲ
349 3543 368 3634 5
393 3548 480 3626 λέξις
507 3551 564 3615 καί
591 3546 650 3614 ἐπί
676 3571 777 3614 τινων
806 3544 974 3631 δαιμόνων
1001 3561 1126 3616 κεῖται·
1152 3544 1243 3614 ‘555-

116 3672 186 3726 ονες
200 3646 262 3736 γὰρ
279 3641 473 3737 ἀλάστορες’
489 3651 521 3717 οἱ
535 3649 727 3726 κακόνοντες
749 3657 781 3717 et
798 3650 885 3734 apud
899 3651 1039 3718 eundem
1053 3671 1085 3736 p.
1099 3653 1171 3734 763,
1183 3654 1241 3716 26:

116 3750 227 3837 ’ρῤινύς
325 3748 478 3838 ζητητέον
500 3750 541 3817 έν
562 3765 650 3830 τοῖς
672 3752 891 3830 παλαιοῖς,
914 3744 1007 3836 παρ’
1027 3748 1088 3827 οῖς
1185 3752 1242 3817 καί

116 3853 141 3917 εὶ
159 3847 287 3937 δρῶσαι
301 3850 414 3917 πάντα
427 3851 470 3917 τὰ
486 3851 520 3919 ἐν
533 3858 668 3940 βροτοῖς
686 3851 795 3942 πάθη,
817 3855 873 3919 καί
895 3847 941 3929 ιδς
964 3851 1072 3918 εἰπεῖν
1089 3844 1241 3919 ἀλαστοι.

176 4008 199 4070 1)
218 4003 284 4059 cod.
299 3976 384 4074 ίτρον.
415 4001 543 4057 Confusio
560 4002 714 4059 litterarum
730 4003 828 4074 procul
844 4002 926 4060 dubio
945 4016 978 4057 ex
995 4002 1180 4072 appellatione
1196 4001 1241 4057 lit·

116 4103 162 4143 raa
179 4109 204 4156 η,
222 4103 303 4158 quam
319 4086 471 4144 itacismum
487 4091 597 4153 uocant,
616 4090 677 4143 orta
694 4090 745 4144 eat.
