2856 4800
236 313 412 382 Quaestiones
429 313 462 368 de
479 314 557 370 Aelio
574 314 704 385 Dionysio
722 319 751 372 et
767 316 904 373 Pausania
921 318 1056 375 atticistis.
1164 317 1225 378 233

116 507 173 570 que
196 488 407 570 Etymologus
429 488 542 555 tradit:
570 487 718 570 βλᾶκα·
742 538 799 554 ...
823 488 953 575 ε’ίρηται
969 488 1004 554 δὲ
1020 481 1088 554 ἀπὸ
1108 485 1225 570 ἰχθύος

117 609 177 673 que
193 587 236 655 ad
251 589 351 656 uerba
374 587 429 652 διὰ
445 585 482 654 τὸ
499 586 577 666 τοὺς
597 587 729 677 μωροὺς
753 588 891 654 εἰσιέναι
914 588 1000 675 πρὸς
1024 582 1142 666 αὐτούς
1165 636 1223 655 ...

116 691 278 758 ›nueniunt
299 698 468 774 praeterea
488 692 738 778 lexicographus
756 692 887 759 Baohm.
911 699 943 758 et
965 693 1139 760 scholiasta
1161 692 1223 758 Lu·

116 794 161 860 sni
184 788 298 877 [mortt.
314 791 476 879 XXVIH].
511 793 630 862 Omnes
646 802 753 861 autem
768 801 893 862 secutos
916 813 987 860 esse
1001 793 1131 861 Aelium
1146 795 1223 861 Dio·

116 898 203 962 sium
218 897 272 961 uel
287 896 480 961 Pausaniam
496 898 651 964 coniciam
667 917 709 963 ex
720 896 887 964 Eustathio
903 917 935 980 p.
945 897 1036 978 1405,
1047 897 1102 959 32:
1125 943 1174 959 ...
1191 893 1224 959 έν

116 1021 128 1072 ς
156 1001 313 1084 τηρητέον
336 999 391 1062 καὶ
414 990 467 1062 σ’τι
490 995 524 1062 ἰκ
544 1001 604 1063 τοῦ
624 998 738 1081 βάλλω
760 1000 816 1064 καὶ
839 995 873 1062 έν
896 997 1044 1081 σαγκοιτῇ
1070 995 1141 1076 dtu}
1170 996 1226 1060 καί

116 1101 260 1185 νραγιογῇ
272 1097 383 1182 piato
397 1105 525 1184 γίνεται
544 1098 633 1184 βλὰξ
651 1099 782 1184 βλακός,
806 1095 823 1165 d
840 1099 1139 1184 καταβεβλημένας
1155 1093 1226 1160 οἷον

116 1203 131 1266 ἰ
161 1198 205 1284 μὴ
238 1199 417 1283 δυνάμενος
447 1193 643 1288 ὀρθοῦσθαι
672 1200 728 1269 διὰ
757 1199 885 1290 τροφὴν
912 1190 934 1286 ἢ
960 1202 1016 1266 καὶ
1046 1189 1225 1282 adsiduas}

116 1308 159 1366 tar
183 1304 269 1388 φασὶ
290 1306 345 1369 καὶ
366 1300 453 1386 βλὰξ
480 1302 576 1384 ἰχθί·ς
602 1305 714 1371 τέλεον
738 1297 868 1389 ἀχρεῖος
890 1299 935 1379 ὡς
963 1300 1065 1389 μηδέν
1087 1324 1120 1364 τι
1143 1295 1226 1381 ζῷον

116 1409 206 1469 θίειν
223 1396 333 1468 αὐτοῦ.
364 1407 421 1471 καί
443 1398 669 1488 βλακεύεσθαι
688 1405 723 1471 δὲ
740 1403 777 1471 τὸ
802 1411 992 1491 μαραίνειν,
1016 1406 1126 1485 itaut,
1150 1402 1226 1484 quia

116 1526 209 1588 raquo
226 1507 406 1572 obseruatio
424 1514 455 1573 at
471 1509 654 1591 Etymologi
677 1513 709 1572 et
723 1507 883 1574 Eustathii
906 1508 989 1573 inter
1011 1525 1046 1572 se
1069 1503 1226 1570 consentit

116 1627 172 1690 que
189 1608 230 1673 ob
247 1628 317 1673 eam
338 1629 467 1674 oausam
491 1609 596 1674 eidem
619 1611 743 1675 auctori
764 1608 962 1675 restituenda
984 1613 1041 1692 est,
1065 1604 1224 1690 expositio

116 1710 260 1794 rymologi
291 1730 332 1775 ex
362 1711 466 1775 altera
495 1711 581 1776 Aelii
612 1712 666 1776 uel
696 1710 877 1777 Pausaniae
903 1711 1008 1776 'lexioi
1040 1707 1226 1776 recensione

116 1813 211 1895 merit,
236 1812 396 1878 Eustathii
418 1818 526 1879 autem
549 1813 649 1879 uerba
670 1814 810 1897 priorem
833 1813 1008 1878 editionem
1030 1811 1176 1894 prodant.

163 1918 211 1978 19.
238 1915 288 1979 Et.
304 1914 345 1979 M.
369 1937 400 2000 p.
415 1918 465 1998 27,
479 1919 534 1980 43:
559 1913 742 2000 αἰγίλιψ·
763 1904 796 2000 ίη’
819 1936 855 1977 τε
876 1905 949 1976 κατ’
970 1910 1142 1996 αἰγίλιπος
1163 1912 1225 1973 νεέ-

117 2038 153 2098 ης
169 2012 331 2100 δνοφερὸν
344 2019 413 2096 χέει
427 2007 543 2102 ὕδωρ.
579 2015 742 2101 δύσβατος
763 2019 819 2082 καί
835 2010 966 2103 ὑψηλὸς
987 2011 1093 2089 τόπος
1114 2014 1225 2097 γέγονε

128 2112 221 2200 νεαρὰ
237 2114 295 2181 τὸν
312 2118 442 2202 λείψειν
459 2119 632 2201 μέλλοντα,
658 2122 754 2204 λείψ·
777 2122 832 2186 καὶ
856 2111 1010 2202 ἀποβολῇ
1030 2115 1090 2180 τοῦ
1112 2137 1128 2179 ε
1151 2115 1223 2196 λίψ,

119 2219 129 2281 ἰ
153 2215 186 2282 έν
209 2223 367 2284 συνθέσει
387 2219 472 2302 μετὰ
493 2223 552 2305 τῆς
574 2221 632 2298 αἰξ
654 2227 780 2306 γίνεται
805 2220 938 2306 αἰγίλιψ
961 2216 1009 2294 εἰς
1029 2214 1070 2303 ἣν
1092 2218 1148 2282 καί
1171 2214 1228 2292 αἰξ

136 2317 274 2384 δύναται
298 2312 470 2404 ἀναβῆναι.
506 2313 612 2397 οὕτως
629 2314 758 2407 Ὠρίων.
796 2321 868 2386 ἔστι
890 2320 1004 2386 δὲκαὶ
1027 2313 1180 2406 ῥητορικὴ
1203 2312 1222 2402 η

116 2417 172 2495 ξις.
196 2455 237 2465 -
261 2421 340 2485 Oum
356 2421 465 2505 Orion,
490 2424 579 2489 ouius
603 2419 788 2509 [seeundum
806 2425 906 2490 uerba
927 2412 1119 2505 οῧτωςὨρλ
1142 2418 1225 2486 haee

116 2528 255 2604 ossaest,
280 2523 312 2586 in
328 2522 434 2588 lexioo
451 2522 531 2588 nihil
545 2524 709 2608 praebeat,
732 2545 803 2591 eum
818 2531 986 2610 praeterea
1000 2519 1224 2606 lexioographi

116 2623 180 2687 rkk.
198 2630 230 2688 et
244 2623 375 2689 Baohm.
394 2625 509 2708 desint,
533 2625 670 2691 sufficiat
688 2626 796 2694 dioere
818 2629 973 2694 attioistas
996 2626 1058 2692 haa
1080 2624 1121 2691 de
1143 2642 1223 2689 noea

115 2726 195 2808 isse,
226 2726 259 2790 id
289 2727 374 2807 quod
402 2728 506 2791 eluoet
535 2746 576 2792 ex
598 2726 700 2792 Suida
721 2748 745 2792 s.
762 2748 791 2791 u.
818 2725 951 2811 αἰγίλιψ
976 2734 1008 2793 et
1030 2747 1071 2791 ex
1093 2725 1222 2806 Etymo·

116 2826 179 2908 gioo
203 2827 285 2893 Gud.
308 2847 339 2911 p.
356 2831 435 2910 14,5
459 2828 531 2893 ooli.
555 2828 643 2893 Eust.
666 2850 697 2913 p.
712 2828 782 2910 733,
797 2829 852 2892 35:
886 2825 1020 2911 αἰγίλιψ
1047 2822 1222 2908 dirutaque,

117 2949 147 3001 ις
170 2925 225 2991 διὰ
248 2925 285 2991 τὸ
309 2929 368 2991 τοῦ
390 2919 498 3012 ῧψοος
527 2926 755 3012 δοσανάβατον
777 2928 831 2992 καὶ
855 2923 922 2993 ὑπὸ
948 2923 1041 3011 αἰγὸς
1070 2926 1223 2990 λείπεται

121 3051 152 3112 p.
166 3033 237 3112 307,
251 3033 306 3093 28:
331 3025 371 3094 ἰν
395 3028 436 3094 δὲ
459 3029 650 3117 ῥητορικῷ
673 3027 819 3113 λεξικῷ
841 3019 1112 3114 asseveratum·
1136 3028 1222 3114 αἰγί-

116 3143 138 3213 ψ
162 3124 377 3218 ἆορόσβατος
399 3133 466 3197 κτλ.
512 3133 602 3212 Quae
625 3140 732 3200 tamen
754 3134 861 3200 omnia
882 3132 960 3198 satis
981 3133 1136 3215 praesidii
1157 3154 1221 3200 non

116 3234 231 3299 aebent
253 3235 295 3299 ad
318 3236 477 3302 atticistae
500 3237 599 3300 uerba
620 3240 768 3302 accurate
791 3234 1042 3301 determinanda.

160 3337 209 3398 20.
234 3335 282 3399 nt.
296 3336 337 3400 M.
358 3358 389 3421 p.
399 3341 428 3419 7,
438 3341 493 3400 47:
517 3327 723 3421 ἆγέριογος·
742 3333 896 3422 ῥητορικὴ
912 3330 931 3421 ἡ
949 3324 1050 3411 λέξις·
1068 3338 1222 3422 σημαίνει

134 3432 191 3499 τὸν
215 3427 364 3522 αὐθάδη,
393 3433 488 3523 παρὰ
510 3432 548 3501 τὸ
573 3429 655 3521 ἶν’γαν
679 3427 798 3516 αὐχεῖν.
836 3423 896 3521 ἢὸ
922 3434 1053 3519 ἔντιμος
1079 3437 1135 3501 καί
1164 3427 1221 3502 ἆν-

117 3548 184 3610 εῑος
213 3535 306 3623 παρὰ
335 3535 372 3601 τὸ
398 3532 480 3622 ἄγαν
501 3550 677 3623 γεροοχεῖν.
710 3529 830 3623 Ὠρίων
861 3535 955 3623 [quae
978 3546 1127 3606 secuntur
1149 3547 1221 3608 sunt

116 3638 254 3720 ymolog.
278 3637 361 3702 (iud.
385 3660 415 3723 p.
432 3644 533 3722 4,14,
562 3639 689 3706 Orionis
715 3639 813 3706 laxiei
834 3661 865 3724 p.
883 3643 979 3723 5,16,
1008 3642 1113 3724 Etym.
1137 3639 1220 3706 (iud.

122 3732 230 3820 4,12].
274 3738 410 3822 Propter
427 3737 579 3805 Orionem
602 3747 675 3826 post
696 3742 824 3824 glossae
846 3740 1024 3807 rhetoricae
1047 3742 1220 3825 expositio-

116 3861 147 3904 m
169 3840 334 3905 laudatum
356 3839 510 3905 inoartum
533 3846 590 3923 est,
613 3847 718 3907 utrum
741 3843 899 3909 atticistae
922 3841 1067 3908 doctrina
1089 3843 1221 3910 confusa

140 3963 211 4007 oum
234 3942 360 4008 Orionis
383 3941 493 4023 aliqua
513 3941 734 4026 adnotatione,
766 3963 849 4027 quae
873 3950 977 4010 exstat
1005 3945 1038 4009 in
1060 3946 1220 4029 oxoerptis

116 4043 204 4110 ¹ionis
229 4041 280 4127 [af.
303 4046 367 4113 lex.
383 4050 479 4129 etym.
497 4042 547 4109 ed.
564 4042 665 4109 Stura.
683 4062 715 4125 p.
728 4045 800 4128 611,
813 4046 869 4109 25:
893 4035 1072 4130 ἇγέρωχσς·
1096 4040 1114 4110 ὁ
1139 4039 1220 4128 ἄγαν

972 4426 1166 4512 Α
