2856 4800
301 326 478 395 Qnautiones
497 325 530 382 de
547 325 625 381 Aelio
644 325 774 395 Dionysio
793 330 820 380 et
837 324 974 381 Pausania
992 324 1126 381 atticlstis.
1230 327 1289 386 197

224 497 427 581 Quamquam
456 497 617 565 hocloco
647 497 763 563 iisdem
792 499 888 563 certis
916 500 1111 582 argumentis
1140 503 1237 581 atque
1261 500 1293 564 in

142 602 313 685 superiore
340 600 450 682 glossa
476 598 620 665 indicare
641 618 705 665 non
726 618 858 682 possum
879 599 1106 684 Etymologum
1127 601 1169 667 M.
1192 607 1298 666 totam·

137 703 283 786 glossam
306 721 348 766 ex
370 721 432 767 uno
448 701 535 766 fonte
551 699 707 783 hausisse,
730 705 916 766 tamennon
930 720 1044 767 uereor
1058 701 1140 768 illud
1155 703 1291 786 opinari,

135 802 330 889 praesertim
351 821 424 867 cum
445 802 502 866 uix
526 819 720 884 quemquam
743 802 935 867 contrmiam
956 804 1145 868 sententiam
1159 803 1291 870 demon·

136 909 244 969 strare
266 921 362 985 posse
384 908 492 985 putem
511 908 608 985 atque
623 903 752 987 Boysen
767 905 837 987 ipse
852 902 1009 969 concedat
1030 921 1101 969 sese
1117 905 1291 988 ignorasse,

135 1003 225 1070 unde
247 1005 457 1088 Etymologus
478 1004 663 1071 testimonia
684 1003 877 1070 adiunxerit.

224 1120 400 1189 Audiamus
428 1142 523 1206 porro
546 1122 697 1189 Photium
719 1128 752 1189 et
773 1123 1000 1206 Etymologum
1023 1122 1065 1189 de
1088 1142 1169 1190 noce
1191 1119 1294 1204 ἐσμός

136 1228 286 1306 agentes,
311 1243 444 1306 quorum
467 1224 523 1291 ille
544 1223 626 1290 haec
648 1225 797 1308 praebet:
829 1220 971 1305 ἐσμός·
1002 1221 1154 1310 πληθύς·
1178 1219 1292 1306 ὄχλος·

135 1327 258 1409 κυρίως
279 1325 346 1387 τῶν
367 1325 551 1406 μελισσῶν·
581 1321 676 1409 παρὰ
698 1322 735 1390 τὸ
761 1316 831 1406 ἅμα
852 1328 1041 1407 πετομένας
1062 1325 1191 1405 ἵεσθαι,
1215 1328 1292 1412 Ety-

136 1427 287 1508 mologue
309 1446 342 1509 p.
359 1428 431 1509 383,
447 1429 482 1490 9:
513 1423 613 1507 ίσμό
621 1443 653 1502 ς·
676 1431 797 1507 κυρίως
818 1424 855 1490 τὸ
879 1427 1015 1511 πλῆθος
1035 1429 1102 1492 τῶν
1124 1428 1292 1509 μελισσῶν

135 1523 235 1611 παρὰ
257 1522 294 1590 τὸ
321 1517 391 1607 ἅμα
413 1531 600 1611 πετομένας
621 1527 751 1595 ἵεσθαι.
773 1523 820 1605 ῶς
836 1527 898 1613 γὰρ
915 1521 984 1594 ἀπὸ
1000 1530 1059 1594 τοῦ
1075 1533 1206 1616 τίθημι,
1230 1533 1293 1595 θε-

133 1626 212 1702 σός·
245 1628 301 1691 καί
329 1630 463 1714 βίβημι,
493 1627 623 1711 βασμὸς
650 1631 706 1695 καὶ
733 1629 885 1713 ,scupos-
919 1632 974 1696 καί
1003 1630 1135 1717 ἵστημι,
1169 1629 1292 1717 στήσω,

135 1723 292 1815 σπασμὸς
313 1735 367 1792 καί
391 1728 560 1812 σταθμός·
584 1722 689 1806 οὕτως
711 1732 765 1796 καὶ
788 1731 863 1818 ίημι
884 1723 956 1819 ἥσω
972 1729 1082 1815 ἔσμός.
1105 1720 1237 1818 ἢπαρὰ
1253 1729 1290 1798 τὸ

136 1829 291 1896 ἕπεσθαι
311 1831 361 1914 τῷ
380 1831 515 1913 βασιλεῖ
535 1829 596 1908 τὰς
609 1833 788 1915 μελίσσας·
811 1828 857 1910 ῶς
870 1831 933 1920 γὰρ
949 1830 1042 1920 παρὰ
1057 1832 1187 1916 κόμπω,
1211 1833 1292 1917 κόμ-

135 1948 219 2008 πος·
244 1931 362 2008 λείπω,
386 1930 500 2014 λιμός·
524 1925 629 2011 οὕτως
652 1933 734 2015 ἕπω,
758 1932 867 2018 ἕσμός.
891 1937 1170 2022 Καταχρηστικῶς
1186 1934 1294 2002 δὲκαὶ

136 2033 197 2098 ἐπί
219 2035 278 2097 τοῦ
300 2030 458 2118 πλήθους
478 2035 534 2100 καί
556 2029 655 2116 ὄχλου
671 2035 886 2121 λαμβάνωσι.
911 2038 1039 2122 λέγεται
1055 2036 1091 2102 δὲ
1107 2034 1208 2121 ἐσμὸς
1222 2031 1289 2104 ὑπὸ

140 2138 360 2220 Ταναγραίων
380 2138 438 2201 καὶ
458 2130 477 2221 ἡ
500 2139 658 2221 γεννῶσα.
696 2138 860 2226 ῥητορική.

225 2253 304 2320 (ium
328 2260 360 2319 et
373 2255 537 2345 Naberum
560 2264 743 2324 censentem
758 2258 908 2325 Photium
932 2278 1003 2323 esse
1027 2257 1236 2339 decurtatum,
1260 2264 1292 2322 et

135 2356 331 2440 Boysenum,
347 2356 478 2422 aliunde
493 2356 625 2424 fluxisse
637 2360 822 2441 Etymologi
834 2360 875 2423 Μ.
889 2359 1122 2441 supplementa,
1138 2359 1172 2422 in
1185 2377 1291 2423 errore

135 2459 260 2525 uersari
282 2455 505 2541 praedicarim,
529 2457 613 2525 hanc
634 2459 820 2544 Etymologi
844 2467 875 2526 et
897 2458 1005 2525 Photii
1028 2459 1208 2542 glossarum
1224 2458 1290 2527 dis·

135 2559 379 2626 similitudinem
402 2559 486 2626 hunc
507 2562 540 2626 in
562 2561 693 2629 modum
716 2561 849 2630 definire
871 2564 1064 2647 poterimus:
1088 2563 1197 2646 glossa
1212 2564 1292 2647 Ety-

134 2661 260 2743 mologi
288 2678 330 2727 ex
361 2662 461 2729 tribus
489 2664 634 2746 partibus
664 2671 804 2730 constat:
833 2666 923 2730 uocis
954 2661 1055 2743 ἐσμός
1076 2667 1126 2730 uis
1148 2669 1290 2749 propria,

139 2762 323 2845 originatio,
347 2763 397 2828 uis
420 2764 612 2845 translata1),
636 2764 685 2828 cui
708 2764 846 2827 formula
867 2759 1022 2844 ῥητορική
1043 2762 1211 2825 subiuncta
1233 2771 1291 2827 est.

136 2863 238 2946 Atqui
253 2864 409 2930 translatu
425 2869 458 2930 et
471 2866 603 2949 propria
613 2863 772 2929 artissime
785 2861 956 2928 cohaerent
968 2866 1000 2927 et
1012 2861 1194 2944 originatio,
1208 2881 1291 2946 quae

136 2964 249 3030 media
270 2965 355 3031 inter
370 2965 429 3031 has
444 2967 591 3033 notiones
607 2965 733 3051 legitur,
757 2964 932 3032 secundum
949 2983 997 3047 ea,
1022 2982 1104 3047 quae
1120 2985 1151 3050 p.
1170 2969 1229 3030 192
1242 2986 1290 3049 sq.

137 3067 275 3149 exposui
297 3065 339 3133 de
354 3067 539 3154 Etymologi
560 3070 683 3137 ratione
707 3067 911 3152 excerpendi,
935 3087 975 3134 ex
992 3068 1106 3135 eodem
1122 3068 1209 3134 fonte
1224 3089 1292 3133 ma·

138 3168 238 3251 nauit,
255 3188 297 3234 ex
313 3189 377 3252 quo
394 3171 586 3253 significatio
601 3172 733 3256 propria
750 3177 781 3236 et
796 3171 958 3237 translata.
989 3170 1075 3251 Ergo
1092 3188 1291 3249 consequens

138 3275 196 3351 est,
220 3275 255 3334 ut
276 3270 414 3336 formula
435 3272 478 3338 ad
496 3262 596 3339 totam
612 3271 851 3338 adnotationem
867 3272 1026 3352 pertineat
1040 3285 1144 3348 neque
1161 3267 1291 3349 Etymo-

135 3371 231 3453 logus
243 3370 392 3436 Photium
405 3373 608 3438 consuluerit.
631 3373 668 3435 In
680 3371 742 3435 hac
753 3389 879 3452 quoque
892 3369 999 3451 glossa
1010 3368 1193 3448 Boysenum
1204 3377 1292 3438 certe

134 3472 221 3549 fugit
232 3490 296 3533 non
307 3471 412 3535 solum
424 3470 574 3536 Photium
586 3475 619 3536 et
630 3470 867 3554 Etymologum,
880 3487 990 3534 uerum
1002 3470 1098 3536 etiam
1110 3469 1260 3538 Orionem
1267 3476 1289 3549 ²)

139 3615 346 3629 μ·

229 3717 252 3777 1)
270 3710 355 3779 Quam
370 3711 525 3780 explicandi
534 3714 666 3772 rationem
675 3717 794 3787 reperire
803 3720 917 3789 potesis
927 3721 1017 3791 glossa
1033 3720 1078 3774 Et.
1088 3719 1126 3774 111.
1138 3715 1292 3791 ζύγαστρον

139 3805 168 3856 at
185 3799 213 3853 in
230 3797 264 3865 gl.
283 3796 327 3850 Et.
347 3794 417 3851 (iud.
435 3815 461 3868 p.
474 3802 583 3865 11114,
603 3802 637 3856 cl.
647 3819 673 3872 p.
687 3807 745 3858 198.
764 3803 826 3860 adn.
839 3811 863 3861 1.
1145 3866 1150 3873 ,

227 3886 252 3950 2)
271 3880 352 3938 Guius
369 3884 455 3938 uerba
472 3884 539 3938 haec
557 3888 621 3938 sunt
638 3891 675 3954 [p.
690 3889 781 3954 oo‚8]:
800 3885 891 3957 εαμίε·
910 3891 956 3942 επὶ
973 3888 1022 3940 τοῦ
1041 3884 1164 3955 πλήθους
1176 3890 1235 3944 τῶν
1246 3911 1291 3960 μο-

141 3967 253 4022 λισσῶν.
281 3965 357 4038 παρὰ
380 3967 431 4036 τὴν
453 3972 512 4023 ίσιν
529 3962 596 4037 ὁμσῦ
615 3973 704 4023 ποιεῖν
721 3975 766 4022 καὶ
783 3969 821 4039 μὴ
838 3969 979 4026 διεστάναι
996 3965 1044 4028 ἀπ’
1063 3971 1195 4043 ἀλλήλων.
1220 3970 1291 4029 ὅθεν

143 4047 260 4122 Ὅμηρος
277 4052 389 4122 [reliqua
407 4053 522 4123 desunt].
