2812 4822
101 305 165 364 214
545 303 681 360 Henricus
698 303 811 375 Heyden

100 476 159 543 sed
180 477 254 543 aliis
277 476 384 542 uerbis
414 477 588 558 seruarint,
619 476 788 543 enucleare
815 496 879 542 non
907 496 1087 560 possumus.
1134 475 1260 542 Forsan

100 576 162 643 hoo
176 577 247 644 looo
263 582 444 662 propterea,
468 576 554 660 quod
568 577 779 661 Elymologus
794 579 881 644 solus
902 576 964 643 hae
985 578 1027 644 de
1049 597 1133 644 uoce
1154 578 1258 644 mullo

99 679 260 764 eopiosior
282 685 330 746 est
352 698 447 761 quam
469 678 576 761 ueteri,
601 678 642 744 de
665 677 807 746 editione
829 680 931 746 altera
952 680 1051 747 lexioi
1071 679 1257 746 Pausaniae

100 780 304 864 cogitandum
328 780 382 862 sit,
406 798 490 862 quae
512 781 590 862 quin
612 781 653 845 ab
675 780 845 847 Euslathio
867 801 898 864 p.
912 781 984 865 408,
999 784 1035 845 11
1061 800 1257 848 αοιιιιιιοιιιο-

98 887 194 965 retur,
217 881 350 948 dubium
371 901 436 947 non
459 887 508 948 est
528 882 636 947 uerbis
659 880 790 964 quidem
813 881 878 948 his:
909 930 966 946 ...
989 872 1036 958 ὥς
1055 904 1142 969 φησι
1157 886 1259 947 Παυ-

99 987 216 1060 σανίας
239 1033 297 1049 ...
321 977 356 1048 ἐν
372 978 473 1067 ἑτέρῳ
492 981 527 1047 dd
544 981 707 1069 ῥητορικῷ
730 980 847 1066 λεξικῳ
867 980 990 1069 γράφει
1012 980 1093 1069 [soil.
1109 990 1258 1050 Παυσα-

98 1083 182 1172 νίας]
199 1134 248 1152 ...
266 1081 358 1170 [Rdfl.
371 1105 422 1151 no.
433 1081 515 1168 1431.
548 1085 663 1168 Neque
678 1105 754 1152 uero
770 1084 851 1151 illud
865 1081 989 1171 γράφει
1000 1107 1072 1152 oum
1084 1087 1258 1171 Giesingio

97 1189 131 1254 in
146 1193 281 1273 quaesit.
298 1186 339 1254 de
354 1184 454 1253 sohol.
467 1187 548 1252 Plat.
568 1207 599 1270 p.
612 1190 653 1250 20
672 1185 777 1252 adul
800 1188 834 1251 in
856 1179 1044 1272 ’γράφεται>
1062 1188 1259 1257 mutandum

98 1310 170 1358 esse
193 1308 308 1356 censeo
330 1289 393 1355 nisi
415 1288 577 1372 omnibus,
601 1307 684 1371 quae
706 1287 769 1355 huo
791 1294 946 1373 spectant,
970 1290 1157 1375 exploratis,
1182 1311 1258 1358 oum

95 1392 286 1474 inuestigari
308 1389 443 1456 fortasse
465 1390 602 1473 possint,
632 1409 716 1473 quae
738 1389 813 1456 huie
835 1390 883 1457 rei
905 1390 983 1458 satis
1011 1392 1167 1461 obscurae
1196 1394 1258 1461 ali·

98 1493 175 1578 quid
197 1493 278 1560 luois
299 1491 444 1559 afferant.

184 1596 213 1660 3.
239 1595 289 1660 Et.
301 1595 343 1660 M.
367 1615 398 1679 p.
412 1596 484 1678 789,
498 1596 552 1658 33:
576 1592 752 1679 φαῦλον·
777 1598 932 1680 σημαίνει
947 1592 1043 1660 δέκα·
1064 1592 1103 1661 τὸ
1121 1589 1257 1663 άπλοῦν

97 1686 283 1783 Εῦριπίῦης
308 1699 503 1780 Λικυμνίῳ·
534 1694 662 1781 φαῦλον
692 1687 846 1778 άκομψον
874 1692 916 1760 τὰ
945 1688 1075 1780 μέγιστ’
1102 1688 1257 1782 ἀγαθόν·

97 1791 227 1862 ἆπλοῦν
244 1797 300 1862 καὶ
316 1787 541 1882 αἰπονήρεοτον
565 1796 707 1881 λέγεται·
731 1793 802 1862 ἐ’στι
826 1788 858 1860 d'
879 1785 935 1862 ῦτε
954 1801 1092 1865 τίθεται
1113 1800 1172 1866 καί
1195 1798 1256 1867 ἐπὶ

96 1900 156 1964 τοῦ
182 1899 284 1964 κακοῦ
311 1899 366 1964 καὶ
394 1900 454 1964 τοῦ
480 1896 644 1980 τυχόντος.
688 1895 834 1964 Πλάτων
862 1899 941 1985 περί
969 1901 1094 1987 ψυχῆς·
1123 1902 1255 1988 φαῦλον

96 2002 253 2086 πρᾶγμα,
277 1998 358 2087 ἐ’φη,
389 1998 523 2087 ζητεῖτε.
562 2003 618 2066 καὶ
641 2000 769 2087 φαῦλον
791 2002 930 2088 πρᾶγμα
953 2001 1063 2069 ἔσται·
1092 2001 1138 2068 τῦ·
1154 2003 1275 2086 τοχῦνΙ

97 2104 245 2188 πρᾶγμα.
275 2102 330 2167 καὶ
347 2098 405 2167 ἐπὶ
422 2103 483 2167 τοῦ
505 2096 621 2179 ἁπλῶς
642 2100 731 2188 πρὸς
751 2103 799 2187 τῷ
815 2095 853 2167 οῦ
869 2099 906 2168 τὸ
922 2102 1030 2185 τυχόν.
1067 2102 1255 2192 [Ululeus]-

96 2206 236 2289 πρᾶγμα
252 2195 284 2268 d'
304 2201 407 2283 ἐὀται,
432 2199 477 2280 (ῦς
499 2200 612 2283 ἐὀικεν,
637 2194 674 2269 οῦ
691 2204 829 2290 φαῦλον,
854 2196 931 2269 οῦδὲ
951 2208 1071 2292 μικρᾶς
1093 2206 1254 2291 δεόμενον

97 2298 225 2393 ἀρετῆς.
255 2303 410 2371 τάττοιτο
434 2297 466 2370 d‘
489 2293 529 2370 άν
550 2307 607 2371 καὶ
629 2303 687 2371 ἐπὶ
709 2309 768 2370 τοῦ
789 2309 972 2393 μοχθηροῦ,
995 2299 1076 2374 ῦταν
1099 2301 1254 2378 άντιδια-

97 2405 274 2493 στέλληται
295 2402 383 2490 πρὸς
404 2402 442 2470 τὸ
467 2405 663 2472 σπουδαῖον.
695 2410 812 2494 τεθείη
837 2398 868 2470 d'
891 2396 931 2472 άν
952 2408 1009 2473 καὶ
1031 2407 1089 2475 ἐπὶ
1111 2413 1172 2476 τοῦ
1193 2436 1255 2496 με·

97 2506 210 2591 γάλου.
244 2508 418 2593 Σοφοκλῆς
432 2505 706 2591 Αἰχμαλώτισιν·
730 2505 760 2572 ελ
779 2505 898 2593 μικρὸν
913 2497 959 2575 (dv
975 2507 1016 2574 τὰ
1032 2513 1146 2598 φαῦλα
1161 2512 1255 2600 νική-

98 2630 160 2685 σας
183 2606 255 2690 ἐ’χω.
288 2610 344 2674 καὶ
367 2607 425 2674 ἐπὶ
447 2611 507 2674 τοῦ
529 2608 646 2695 ῥᾳδίου
662 2607 806 2674 Πλάτων
821 2611 1009 2686 Πολιτειιῦν
1032 2612 1173 2700 πρώτῳ·
1195 2618 1253 2682 καὶ

99 2707 227 2798 φαῦλόν
249 2733 295 2794 γε,
318 2708 393 2798 ἔφη,
417 2709 501 2830 ἰ’σῳς
524 2703 637 2787 αῦτοῖς
659 2708 906 2797 προστάξομεν·
929 2714 985 2778 καὶ
1008 2712 1126 2780 τούτου
1150 2708 1181 2781 d'
1202 2716 1254 2786 ἐ’τι

97 2809 159 2898 ἐγώ
177 2808 393 2932 φαηλοτερον.
424 2809 580 2879 τάττεται
600 2813 657 2878 καὶ
679 2810 738 2878 ἐπὶ
759 2815 820 2878 τοῦ
840 2817 959 2898 μικροῦ
972 2818 1029 2881 καὶ
1044 2813 1254 2906 εὐκαταφρο-

98 2911 195 2998 νήτου
225 2907 271 2988 ὡς
298 2916 531 3038 Δημοηθίνης.
574 2915 631 2979 καὶ
659 2910 718 2980 ἐπὶ
746 2916 806 2979 τοῦ
832 2919 994 2982 ταπεινοῦ
1023 2919 1079 2984 καὶ
1107 2924 1253 3009 πένητος

97 3016 153 3080 καλ
176 3005 297 3090 άὸόξοο
320 3016 376 3080 καὶ
399 3006 550 3101 άνοίτου.
581 3013 785 3101 ρητορικηῇ)
810 3024 894 3103 etp.
908 3020 980 3103 789,
993 3021 1049 3087 25:
1074 3023 1252 3108 ῳαολία·

96 3141 116 3203 η
141 3137 270 3192 κοτινος
298 3117 354 3182 καὶ
384 3073 502 3192 άπλιῦς
531 3111 619 3191 eddon
645 3113 718 3183 ἒλαί
706 3122 769 3193 ίας.
807 3116 1006 3205 dosootndl)
1051 3120 1254 3200 Quibuscum

100 3236 304 3247 —-—-—-

185 3303 208 3366 1)
230 3298 273 3353 Ne
294 3298 339 3353 hie
361 3297 468 3368 quidem
492 3314 701 3357 commemorare
725 3301 845 3356 omittam
867 3302 973 3370 glossas
997 3319 1031 3359 ex
1051 3303 1150 3362 Photio
1174 3309 1253 3365 nullo

97 3386 179 3453 paeto
193 3398 333 3440 manassse
347 3385 452 3439 collatis
469 3385 565 3452 glossis
583 3385 628 3441 Et.
639 3385 677 3440 M.
696 3401 723 3455 p.
735 3389 794 3451 789,
804 3389 837 3440 26
855 3385 957 3456 φαύλια
968 3387 1041 3455 μῆλα
1059 3393 1086 3444 et
1103 3390 1167 3446 ibid.
1186 3393 1207 3448 l.
1219 3398 1252 3448 27

98 3466 236 3538 φαυλιζιι,
259 3484 327 3537 quse
346 3469 452 3537 quidem
469 3484 503 3524 ex
520 3470 609 3526 Pholii
631 3471 718 3525 lexico
737 3471 912 3541 depromptae
934 3472 1009 3526 illam
1026 3472 1171 3529 formulam
1195 3493 1255 3534 non

97 3553 234 3618 exhibent,
253 3557 280 3608 et
297 3556 454 3623 comparato
473 3553 567 3610 ordine
583 3557 737 3624 glossarum
754 3555 909 3626 Etymologi
925 3559 953 3611 et
970 3557 1079 3616 Photii.

132 3638 178 3694 Et.
188 3638 226 3693 M.
248 3643 271 3694 1.
290 3636 435 3723 φαηλία..
448 3639 602 3709 ,ῥητορική
684 3640 763 3696 Phot.
790 3645 813 3695 1.
832 3639 934 3711 φαύλια
950 3643 1026 3710 μῆλα

244 3704 390 3774 2ῳαάλια
407 3681 541 3773 μῆλα...
788 3708 933 3779 2.φαολία

245 3777 269 3828 3.
288 3773 474 3842 φανλίζει...
787 3779 811 3832 3.
831 3777 937 3846 φαῦλον

242 3847 266 3895 4
286 3839 429 3910 φαῦλοι..
442 3843 593 3897 conuenit
611 3843 657 3897 nt
787 3848 811 3900 4
832 3844 938 3915 φαῦλον
956 3864 1040 3911 conu
1077 3841 1149 3894 &¹¹¹0

336 3908 406 3964 Gud.
423 3885 481 3974 558,
496 3913 528 3963 26
787 3913 949 3985 5.φαῦλοτ
972 3898 1161 3980 οοιιιιὸῐὶὶῑὶῐὶλ
1180 3910 1267 3982 Horu.

244 3982 267 4031 5.
287 3975 435 4044 φαῦλον..
448 3977 598 4047 ῥητορι
557 3999 608 4044 ιιιη.
788 3984 813 4105 ξ.
833 3984 1096 4122 φαυλίηῑζέθεγὼ
