2856 4800
151 1171 287 1290 Quanto
315 1225 419 1308 magis
447 1223 574 1290 indies
602 1225 870 1309 intellexerimus,
901 1246 984 1309 quae
1010 1228 1212 1311 grammatici

66 1331 99 1391 et
120 1324 344 1410 lexicographi
361 1325 479 1392 Graeci
500 1325 641 1408 undique
664 1328 892 1410 congesserint,
916 1347 1011 1410 quam
1033 1331 1157 1396 uariam
1180 1335 1212 1395 et

65 1428 278 1510 multiplicem
307 1425 499 1510 doctrinam,
530 1446 610 1509 quas
639 1429 777 1512 ineptias
800 1430 1060 1513 conscripserint,
1091 1436 1210 1512 quanto

63 1529 167 1611 magis
199 1530 474 1611 perspexerimus,
504 1530 620 1610 quibus
642 1529 783 1596 fontibus
805 1530 856 1595 usi
877 1531 942 1594 sint
962 1532 1156 1597 recentiores
1180 1537 1212 1596 et

64 1629 336 1712 quemadmodum
358 1631 477 1696 scrinia
498 1635 641 1696 ueterum
664 1631 829 1697 doctorum
847 1632 1052 1715 compilarint
1065 1668 1107 1676 -
1121 1638 1210 1698 tanto

62 1732 167 1814 magis
180 1732 390 1814 celeriusque,
401 1751 497 1815 quam
507 1732 814 1814 quinquagintafere
823 1731 940 1799 abhinc
949 1753 1050 1798 annos
1058 1732 1182 1799 Ritschl
1191 1733 1210 1810 ¹)

64 1836 282 1921 exspectauit,
305 1833 472 1899 historiam
494 1833 572 1898 artis
595 1833 824 1916 grammaticae
846 1831 1002 1900 conficere
1024 1833 1210 1917 poterimus.

62 1939 214 2004 Attamen
242 1955 316 2002 eum
343 1936 421 2002 satis
450 1935 570 2000 multae
593 1934 800 2001 difficultates
825 1933 888 2001 hac
909 1936 943 2000 in
965 1935 1131 2018 prouincia
1154 1935 1212 2000 ob·

63 2045 157 2121 stent,
179 2037 214 2103 id
236 2037 333 2120 quod,
356 2038 385 2102 si
408 2037 478 2119 quis
501 2036 707 2102 mediocriter
728 2036 804 2102 huic
826 2036 1018 2121 disciplinae
1034 2037 1209 2119 uacauerit,

62 2161 139 2206 mox
170 2140 351 2222 intelleget,
380 2158 482 2222 parua
503 2139 615 2203 iuuare
637 2137 771 2222 debent,
794 2139 985 2221 praesertim
1006 2139 1034 2204 si
1055 2157 1120 2202 non
1142 2138 1212 2204 sine

62 2242 174 2324 aliqua
196 2260 296 2323 opera
317 2239 472 2322 indagata
493 2244 574 2305 sunt.

149 2341 307 2406 Pusillum
328 2340 410 2405 lucis
433 2339 549 2405 afferre
571 2359 666 2424 posse
689 2339 770 2405 mihi
787 2339 901 2406 uideor
915 2339 1030 2405 lexicis
1045 2337 1213 2406 rhetoricis

61 2443 150 2509 Aelii
173 2441 323 2525 Dionysii
347 2447 380 2507 et
400 2440 581 2506 Pausaniae
603 2431 828 2525 atticistar'um,
851 2442 880 2507 si
902 2440 964 2507 hac
986 2439 1211 2506 dissertatione

64 2544 247 2626 ostendero,
271 2563 353 2626 quae
377 2562 418 2608 ex
441 2563 549 2610 eorum
571 2543 723 2627 operibus
745 2550 856 2610 auctor
872 2539 1211 2628 EtymologicilMagni

61 2647 96 2711 in
130 2666 222 2712 suum
252 2643 402 2710 horreum
430 2646 687 2727 comportauerit.
731 2645 781 2711 Ac
810 2645 954 2729 profecto
981 2645 1115 2709 illorum:
1136 2643 1210 2708 reli·

68 2748 163 2829 quiae
188 2747 222 2810 in
237 2745 463 2826 Etymologico
477 2745 519 2808 M.
541 2744 630 2810 facili
652 2746 783 2826 negotio
805 2746 937 2828 agnosci
959 2748 1117 2827 poterunt,
1140 2762 1213 2808 cum
1292 2766 1295 2772 ·

62 2850 95 2912 in
118 2847 289 2932 propatulo
313 2846 377 2912 sint
397 2864 501 2927 neque
524 2864 566 2910 ex
580 2846 761 2929 glossarum
778 2847 917 2912 colluuie
933 2846 1101 2912 eliciantur
1115 2850 1213 2926 atque

63 2949 259 3014 extriccntur
280 2965 413 3012 necesse
428 2943 646 3029 sitilGlossas
662 2943 883 3032 enimiomnes,
908 2967 988 3030 quas
1002 2946 1213 3029 Etymologus

62 3052 133 3133 ipse
157 3070 198 3114 ex
219 3049 334 3115 lexicis
359 3047 550 3130 quibusdam
572 3047 742 3116 rhetoricis
760 3048 892 3116 haustas
907 3046 979 3116 csse
993 3048 1152 3114 formulis:
1177 3043 1211 3110 ἐν

62 3149 97 3215 δὲ
127 3151 176 3234 τῷ
205 3149 368 3237 ῥητορικῷ
391 3147 508 3233 λεξικῷ
531 3141 626 3235 εὗρον
650 3154 823 3236 σημαίνειν
846 3151 1005 3216 similibus
1028 3149 1211 3232 declarato,

61 3274 102 3320 ex
132 3253 344 3319 atticistarum
375 3252 502 3318 illorum
532 3252 647 3318 lexicis
677 3250 809 3319 fluxisse
838 3250 919 3316 mihi
941 3266 1130 3333 persuasum
1152 3255 1209 3316 est.

62 3355 122 3422 Oui
152 3354 282 3438 quidem
311 3354 489 3420 sententiae
520 3354 730 3435 obloquentes
758 3350 864 3418 habeo
886 3353 1051 3420 Naberum
1073 3357 1105 3418 et
1125 3351 1210 3437 Boy-

62 3476 185 3541 senum,
208 3475 342 3538 quorum
365 3455 420 3520 ille
443 3455 476 3519 in
498 3455 643 3537 prolegg.
666 3454 709 3519 ad
724 3452 875 3519 Photium
896 3474 927 3538 p.
946 3456 1005 3518 169
1018 3473 1088 3538 sqq.
1112 3474 1209 3537 quae-

62 3558 166 3624 stione
187 3575 302 3639 parum
323 3556 497 3639 diligenter
510 3555 660 3622 absoluta
673 3555 799 3638 glossas
813 3555 1030 3640 Etymologici
1044 3556 1086 3621 hl.
1103 3554 1208 3620 rheto-

61 3660 145 3725 ricas
175 3693 216 3703 -
246 3663 281 3722 ut
308 3657 355 3722 ita
380 3657 521 3723 breuiter
549 3657 654 3725 dicam
676 3695 718 3704 -
745 3657 854 3724 Photii
877 3678 947 3726 esse
975 3656 1071 3738 dicit,
1102 3656 1155 3722 hic
1176 3657 1211 3722 in

150 3862 174 3923 1)
198 3857 230 3910 In
254 3855 297 3912 ed.
314 3856 410 3911 Thom.
429 3855 468 3913 M.
487 3855 574 3924 praef.
592 3874 619 3926 p.
638 3858 679 3912 IX
703 3862 731 3913 et
754 3858 783 3913 in
807 3856 1031 3912 commentatione
1054 3855 1088 3911 dc
1106 3855 1161 3911 Oro
1184 3857 1214 3909 et

59 3941 159 3996 Orione
177 3956 239 4011 opp.
257 3944 322 3996 tom.
337 3941 360 3996 I.
377 3957 404 4011 p.
419 3944 478 3996 582.

147 4030 173 4091 2)
191 4024 232 4081 Gt.
250 4025 303 4080 Ed.
322 4025 417 4081 Meieri
435 4041 498 4096 opp.
517 4029 581 4081 tom.
594 4025 630 4080 II.
648 4042 675 4094 p.
691 4031 748 4080 115.
816 4113 817 4116 Ἴ
953 4109 1005 4163 12*
