2812 4822
103 304 170 364 176
551 297 686 353 Henricus
703 297 815 367 Heyden

152 474 362 557 „quibuscum
389 470 589 536 consentiunt
610 465 791 549 Hesychius
813 467 866 531 uel
889 464 1062 531 scholiasta
1084 464 1180 527 Arist.
1205 463 1257 526 uel

153 576 326 658 „lexicoga
337 573 373 637 V.
389 570 492 635 Bekk.
510 575 542 634 et
552 567 684 633 Baehm.
700 602 741 614 -
758 567 873 632 Photio
890 572 921 630 et
933 565 1034 631 Suida
1049 564 1194 645 exceptis
1206 598 1257 645 -,

37 667 40 674 ’
153 676 251 759 „VII,
286 673 400 754 quibus
429 670 534 736 simile
568 668 646 751 quid
679 668 765 752 apud
795 669 895 732 ullum
924 666 1167 754 grammaticum
1193 683 1258 727 non

154 770 339 858 „exstat“¹).

582 907 786 916 ,..-.-.---

594 1070 720 1146 eleon
746 1071 776 1187 Ι.

106 1222 238 1302 Neber
273 1229 310 1299 et
342 1221 491 1322 Bopsea
526 1229 711 1298 censentes
743 1222 907 1318 plassea,
923 1215 1170 1318 Mtposolopt'ee’
1201 1215 1259 1292 M.

187 1342 392 1418 rhetorices
412 1343 567 1441 flaecsse
593 1366 640 1415 ee
662 1339 788 1416 Pleott't’
811 1340 928 1414 testeo
955 1337 1179 1434 refellentes.

109 1501 129 1572 §
148 1501 174 1560 1.
198 1494 333 1560 Photii
350 1491 706 1576 tetecgpertotum
722 1492 1043 1576 Etymologicum
1060 1491 1101 1554 M.
1117 1510 1260 1572 aequa·

109 1598 258 1664 biliter
279 1594 489 1678 dispersas
511 1614 639 1678 neque
660 1595 760 1660 ullis
782 1594 984 1659 formulis:
1009 1583 1127 1677 εὗρον
1151 1588 1262 1673 ivea*

244 1696 448 1782 ῥητορικῷ
471 1702 561 1762 cett.
584 1701 745 1762 notatas
769 1714 857 1762 esse
880 1693 1122 1761 ostenditur.

196 1817 334 1898 Boysen,
349 1820 517 1897 postquam
533 1820 620 1881 recte
636 1813 835 1881 confirmauit
849 1815 882 1879 in
897 1814 1120 1897 Etymologico
1136 1814 1177 1877 M.
1193 1832 1262 1877 me·

110 1916 166 1982 dio
189 1917 313 1998 glossas
336 1913 512 1981 rhetoricas
528 1914 642 1982 deesse
652 1918 676 1990 ²)
691 1952 733 1960 -
748 1916 782 1982 id
799 1915 885 1999 quod
898 1916 1063 1982 Naberum
1077 1916 1204 1999 fugerat
1220 1949 1263 1958 -

113 2020 191 2086 inde
212 2017 418 2102 proficiscens
439 2016 548 2083 Photii
572 2038 699 2100 quoque
722 2015 827 2093 λέξεις
848 2020 882 2083 in
904 2019 961 2083 illa
983 2018 1200 2101 Etymologioi
1218 2015 1263 2080 M.

110 2128 204 2206 parte
227 2117 406 2185 desiderari
428 2120 521 2185 nobis
542 2118 739 2203 persuadere
762 2125 893 2186 conatur
915 2119 966 2185 his
988 2119 1195 2202 argumentis.

197 2223 339 2287 Primum
362 2240 556 2303 quamquam
578 2223 612 2286 in
633 2221 858 2304 Etymologico
878 2221 919 2285 Μ.
944 2221 1002 2287 sub
1025 2221 1117 2285 litta
1140 2218 1261 2302 glossis

109 2326 243 2408 triginta
262 2322 411 2404 quinque,
436 2340 519 2403 quae
535 2342 606 2388 cum
621 2320 788 2387 Photianis
804 2320 953 2388 contendi
969 2323 1102 2405 possint,
1125 2320 1261 2402 inuenit,

109 2432 228 2506 tamen,
251 2443 323 2489 cum
345 2421 380 2487 id
402 2429 500 2507 curet,
523 2429 557 2488 ut
579 2422 687 2488 Photii
710 2419 829 2498 λέξεων
850 2424 884 2487 in
906 2424 964 2488 illa
986 2430 1077 2506 parte
1100 2442 1159 2488 nec
1182 2421 1261 2486 uola

110 2547 172 2592 nec
193 2525 364 2607 uestigium
387 2532 552 2608 appareat,
576 2526 648 2590 illas
672 2524 796 2607 glossas
820 2544 862 2590 ex
877 2523 986 2590 Photii
1001 2524 1108 2590 lexico
1123 2523 1260 2591 fluxisse

109 2633 223 2711 negat,
249 2619 434 2710 ‘plerasque
457 2621 571 2710 [XXV]
601 2627 708 2710 potius
731 2645 749 2690 e
777 2626 1004 2692 uetustioribus
1033 2627 1261 2709 etymologicis

109 2730 200 2794 uelut
222 2746 263 2792 ex
278 2724 454 2803 Gudian03)
470 2728 523 2792 uel
539 2726 666 2793 Orionis
682 2726 844 2792 deriuatas
861 2746 931 2792 esse
954 2727 1102 2810 opinatur
1118 2732 1158 2810 et,
1182 2728 1261 2808 quia

110 2829 228 2912 glossis
250 2826 373 2911 decem,
397 2848 479 2910 quae
499 2835 629 2912 restant,
652 2827 820 2894 Photianis
842 2828 1000 2894 similibus
1016 2828 1072 2892 uix
1088 2829 1260 2911 quisquam

110 2949 260 3012 magnam
283 2926 434 2994 fiduciam
456 2928 622 2995 habiturus
638 2919 704 3013 sit²,
729 2949 825 3012 quam
840 2931 1017 2996 certissime
1033 2928 1170 2995 affirmat
1183 2925 1260 2996 ‘hac

198 3100 221 3160 l)
241 3095 347 3162 Operae
363 3094 480 3162 pretium
498 3100 548 3160 est,
566 3094 746 3149 atticistarum
764 3095 903 3149 doctrinae
920 3093 1009 3149 frusta
1026 3095 1166 3162 colligare,
1187 3112 1260 3166 quae

110 3180 288 3249 Etymologus
298 3178 336 3232 M.
348 3177 378 3232 in
395 3177 500 3232 lexicon
517 3178 665 3233 transfudit
682 3179 782 3233 auxilio
797 3179 911 3233 aliorum
924 3180 1160 3246 grammaticorum
1173 3181 1261 3236 ueluti

109 3263 200 3318 Photii
218 3264 262 3317 uel
278 3262 407 3329 lexicogr.
417 3262 450 3316 V.
463 3262 550 3316 Beklr.
570 3266 598 3317 et
614 3262 726 3317 Bachm.
740 3264 784 3316 uel
795 3262 937 3331 Hesychii:
957 3261 991 3317 cf.
1005 3264 1100 3318 Meieri
1113 3269 1260 3320 comment.

109 3363 173 3415 opp.
192 3345 270 3401 acad.
288 3346 324 3400 II.
343 3361 370 3415 p.
385 3349 501 3414 123sqq.

196 3434 221 3495 2)
239 3430 264 3480 A
281 3429 372 3497 glossa
389 3445 410 3484 s.
428 3447 453 3484 u.
474 3430 582 3483 θέσθαι
598 3446 626 3498 p.
645 3435 703 3496 448,
723 3436 753 3485 15
775 3446 860 3500 usquc
877 3431 913 3484 ad
928 3432 1046 3498 glossam
1064 3432 1115 3486 sub
1133 3433 1263 3489 lemmate

109 3512 214 3579 σκηνὴν
237 3511 268 3565 δὲ
290 3508 324 3578 ἣν
347 3517 438 3578 ἔχουσι
458 3531 486 3582 p.
506 3519 564 3582 716,
578 3519 619 3572 53.
654 3515 784 3572 conferas
808 3514 955 3571 Gaislordii
977 3515 1092 3569 indicem
1114 3524 1263 3574 auctorum

110 3615 134 3654 s.
151 3615 177 3652 u.
197 3596 303 3659 λεξικόν
325 3597 353 3650 in
378 3598 418 3651 ed.
436 3598 483 3652 Et.
501 3599 540 3654 M.
560 3602 589 3654 ct
604 3599 735 3654 Haasium
757 3601 785 3654 in
808 3598 850 3654 ed.
869 3615 932 3670 opp.
951 3599 1071 3654 academ.
1090 3600 1144 3654 Ed.
1162 3602 1263 3659 Meieri

110 3687 175 3739 tom.
190 3681 224 3737 II.
243 3697 270 3750 p.
284 3685 341 3736 117.

196 3770 222 3831 3)
238 3765 316 3820 Unde
337 3766 390 3821 hoe
414 3766 484 3820 sciat
500 3766 620 3836 Boysen,
642 3767 738 3822 uellem
759 3767 914 3824 indicasset.
949 3769 1019 3824 Nam
1043 3775 1173 3836 quantum
1192 3774 1263 3841 scio,

109 3851 201 3906 adhuc
219 3865 297 3904 nemo
317 3850 350 3906 de
367 3851 473 3905 ratione
490 3850 561 3904 inter
572 3851 788 3921 Etymologicum
806 3852 843 3907 M.
863 3858 890 3908 et
902 3853 1057 3908 Gudianum
1074 3853 1264 3914 intercedente

109 3935 244 4073 dissgguit
280 3933 369 4002 Quare
387 3935 539 3990 cauendum
556 3941 606 4005 est,
624 3952 657 3992 ne
676 3951 810 3992 consensu
828 3939 968 4008 utriusque
981 3937 1163 4006 Etymologici
1181 3944 1265 4001 nimis

109 4035 161 4073 con
200 4034 284 4073 amus.
