2812 4822
131 316 191 374 182
571 314 705 369 Henricus
722 314 833 384 Heyden

130 486 254 569 patebit
281 487 497 572 Etymologici
525 486 567 550 Μ.
591 493 752 552 auctorem
781 487 815 551 in
843 487 986 551 litteras
1014 505 1140 568 quoque
1168 485 1279 551 Photii

129 584 249 661 λέξεων
272 583 460 672 συναγωγήν
483 586 796 660 σιααίοσεεείνίεεει
828 585 900 652 dieo
925 588 1169 670 expositionem,
1194 607 1280 669 quae

128 695 177 756 esi
197 711 229 773 p.
246 692 318 773 462,
334 692 374 753 52
397 688 438 754 dc
460 707 541 753 uoce
565 684 752 769 ἰάλεμος·
777 692 932 773 σημαίνει
954 684 1013 753 τὸν
1035 689 1172 773 θρήνου.
1205 686 1279 752 ἔστι

126 787 188 873 γάρ
212 784 301 865 εἶδος
323 786 460 875 θρήνου.
491 779 547 853 due
568 786 628 869 μὲν
652 787 710 852 ἐπὶ
731 790 792 853 τοῦ
816 781 1029 864 Ἀπόλλωνος
1053 790 1192 873 λέγεται,
1218 788 1278 853 ὄα-

127 888 275 969 σύνεται,
307 883 375 954 ἀπὸ
400 891 458 975 τῆς
482 887 601 973 λήσεως
622 881 654 968 (ὅ
677 886 766 954 ἐστιν
791 882 957 976 ἀφέσεως)
981 892 1047 954 ιιῦν
1068 890 1193 972 βελῶν·
1218 888 1278 955 ἐπὶ

127 990 162 1056 δὲ
185 994 244 1056 τοῦ
265 990 402 1078 θρήνου,
425 992 597 1076 ψιλοῦται.
618 989 773 1076 γεγόνασι
795 990 830 1056 δὲ
854 983 1029 1078 άμφάτερα
1045 983 1159 1068 οὕτως.
1185 990 1277 1058 ἔστιν

124 1093 200 1180 ‘inps
221 1091 259 1159 τὸ
284 1097 420 1176 πέμπω.
445 1091 479 1158 ἐκ
501 1086 618 1159 τούτου
640 1098 766 1178 γίνεται
781 1092 869 1180 λἠος·
893 1087 966 1157 εἶτα
982 1090 1096 1177 ἰήεμος
1112 1092 1169 1158 διὰ
1184 1097 1278 1159 uode

124 1193 210 1260 κατὰ
237 1193 296 1280 τὴν
318 1193 592 1279 παραλήγουσαν·
622 1197 733 1280 τροιιῇ
753 1197 814 1260 τοῦ
836 1220 855 1282 ή
879 1193 927 1270 εἰς
951 1221 972 1258 α
994 1196 1049 1259 καὶ
1072 1196 1278 1280 πλεονασμῷ

124 1298 235 1376 τοῦλ,
260 1295 410 1380 ἰάλεμος,
441 1294 498 1361 tal
520 1299 579 1361 τοῦ
602 1295 739 1383 θρήνου.
761 1285 782 1382 ή
806 1295 840 1360 ἐκ
861 1299 920 1361 τοῦ
943 1294 1017 1383 ἲήος
1038 1295 1122 1360 κατὰ
1146 1296 1278 1382 τροπήν

124 1401 185 1464 τοῦ
206 1424 225 1486 ή
250 1396 345 1477 εἰςε,
368 1396 535 1483 plustost
520 1416 626 1481 ιεμος·
649 1399 704 1463 καὶ
728 1398 931 1482 πλεονασμῳ
952 1400 1011 1483 σής
1035 1398 1076 1462 αλ
1099 1399 1277 1483 συλλαβῆς,

125 1497 277 1583 ἰάλεμος·
301 1500 357 1564 καὶ
381 1496 658 1585 ἰαλεμήσαι
623 1524 661 1564 το
686 1502 864 1619 θρηνῆσαι,
888 1494 934 1575 αλς
956 1523 1050 1581 παρα
1038 1496 1277 1585 Καλλιμάχου

120 1594 244 1666 ‘stulta
267 1599 390 1687 φάλιον
412 1603 533 1686 ταῦρον
549 1599 660 1687 ἰήλεμί
634 1594 739 1666 ισαί.
774 1593 888 1676 Θάσιος
906 1599 1085 1677 Φιλόξενος
1101 1603 1180 1724 περὶ
1195 1607 1279 1666 Mo-

124 1695 352 1786 νοσολλάβων,
382 1696 427 1778 οἷς
458 1723 561 1789 φησιν
585 1695 657 1786 Ωρί
659 1726 713 1767 ιον.
754 1695 804 1768 Ἐν
835 1696 949 1778 άλλοις
973 1695 1067 1766 δὲ
1031 1726 1125 1788 ευρον
1149 1700 1213 1827 ἐραν
1237 1701 1277 1768 τὸ

125 1802 303 1887 ἰάλεμος’
290 1805 348 1869 erui
375 1806 435 1869 τοῦ
462 1802 590 1889 θρήνου
620 1800 918 1888 ἐτυμολομούμενον
942 1802 1036 1886 παρὰ
1057 1801 1095 1869 τὸ
1121 1801 1180 1870 ἐπὶ
1203 1817 1279 1880 τοῖς

124 1897 287 1971 ὅλωλόσιν
312 1904 393 1992 ἰωήν
416 1909 541 1992 φέρειν.

213 2010 283 2075 Hoc
305 2009 347 2076 de
370 2009 528 2075 uocabulo
551 2014 678 2091 praeter
693 2009 920 2091 Etymologum
943 2008 984 2072 M.
1000 2009 1117 2074 Moeris
1133 2009 1279 2074 atticista

125 2106 187 2195 [ed.
210 2111 310 2176 Piers.
333 2133 364 2195 p.
385 2106 466 2194 illul,
489 2107 679 2192 Hesychius,
702 2108 846 2188 Photius‚
869 2110 1079 2194 Etymologus
1105 2109 1276 2176 Gudianus

126 2208 168 2297 [p.
185 2213 256 2296 268,
274 2216 314 2275 45
339 2218 415 2295 etp.
433 2213 504 2294 269,
522 2207 552 2294 3]
576 2217 718 2294 egerunt.
764 2212 814 2276 Ex
836 2212 951 2293 quibus
974 2212 1172 2295 Hesychium
1198 2213 1276 2295 Ety-

123 2314 253 2397 molcgo
276 2313 317 2377 M.
342 2311 403 2378 hae
425 2314 457 2376 in
480 2314 589 2395 glossa
611 2313 842 2379 conscribenda
864 2313 983 2378 fontem
1006 2314 1114 2396 fuisse,
1142 2313 1276 2396 Boysen

124 2421 249 2498 censet,
282 2434 475 2497 quamquam
501 2433 564 2479 una
585 2414 708 2497 θρήνυι
730 2433 795 2479 uox
818 2420 850 2480 et
872 2416 905 2478 in
927 2414 1150 2497 Etymologioo
1174 2416 1216 2480 M.
1242 2423 1274 2481 et

124 2518 159 2581 in
181 2517 336 2600 Hesychii
358 2517 463 2582 lexico
486 2517 642 2600 reperitur
664 2536 767 2598 neque
789 2517 857 2581 ulla
878 2518 985 2582 littera
1007 2519 1039 2581 in
1063 2519 1178 2584 ceteris
1199 2538 1274 2584 ocn-

123 2620 225 2684 uenit:
249 2611 413 2702 [Hesych.]
433 2614 617 2699 ἰάλεμοι·
633 2618 765 2701 θρήνου.
789 2608 942 2704 ὀρφανοί,
959 2616 1161 2700 στερόμενοι.
1186 2621 1273 2705 θρή-

125 2724 260 2806 ννμικοί.
287 2713 452 2799 άνανδροι.
476 2716 654 2798 δυστυχεῖς.
700 2718 765 2785 Sed
789 2718 940 2785 haeel
891 2740 925 2786 es
927 2721 1095 2804 lB0yseni
1117 2722 1201 2786 leuis
1225 2742 1273 2786 ar·

124 2821 332 2905 gumentandi
354 2827 403 2885 rat
404 2821 446 2903 io,
470 2819 511 2885 de
535 2840 599 2902 qua
620 2821 720 2886 uerba
741 2822 848 2887 faeere
863 2840 944 2903 opus
959 2842 1022 2887 non
1038 2829 1153 2888 est
1113 2824 1271 2889 Immo

124 2925 166 2988 E
154 2924 310 3005 ymologr
326 2923 366 2986 M.
391 2922 551 2988 obseruat
529 2928 574 2987 tro
598 2924 817 3006 conglutinata
839 2929 887 2989 est
910 2944 952 2989 cx
968 2924 1124 2989 Photiit
1092 2930 1124 2988 et
1139 2925 1270 3008 lit-ymo

123 3025 191 3107 logi
221 3023 303 3088 Gud.
335 3024 466 3106 glossis,
495 3024 557 3088 nisi
586 3023 693 3089 dicere
722 3025 815 3090 malis
846 3043 887 3090 ex
916 3025 1032 3108 glossis
1054 3025 1207 3091 Moeridis
1237 3032 1271 3091 et

122 3124 230 3190 Photii
259 3129 291 3191 et
312 3125 495 3208 Etymologi
519 3125 601 3190 Gud.
625 3126 735 3190 eiusue
762 3126 857 3191 fontis
881 3133 912 3190 et
934 3124 1111 3191 Herodiani
1135 3128 1273 3194 elalius

124 3227 302 3310 etymologi
324 3228 344 3291 i.
362 3245 389 3292 e.
412 3233 468 3291 aut
490 3227 672 3310 Etymolcgi
695 3226 777 3292 (iud.
801 3233 857 3291 aut
880 3229 947 3294 eius
962 3228 1068 3293 fontis.
1103 3227 1206 3293 Simul
1230 3247 1273 3294 ex

122 3327 184 3395 hoe
211 3330 358 3412 exemplo
381 3330 477 3413 plane
500 3335 649 3412 apparet,
681 3329 950 3411 quemadmodum
972 3331 1164 3396 recentiores
1189 3332 1272 3396 lexi-

123 3429 278 3513 cographi
306 3435 449 3495 ueterum
479 3430 577 3495 libros
608 3431 835 3512 excerpserint.
880 3432 1006 3496 Etenim
1030 3450 1113 3513 quae
1136 3432 1270 3514 Etymo-

122 3533 215 3614 logus
237 3531 279 3594 M.
297 3531 387 3595 initio
410 3531 537 3613 glossae
558 3532 693 3614 profert:
718 3529 945 3616 oppulsando
960 3534 1097 3617 θρῆνον,
1120 3534 1273 3617 leguntur

123 3640 154 3699 et
182 3632 269 3717 apud
291 3631 467 3696 Moeridem
497 3638 529 3697 et
556 3631 643 3716 apud
666 3633 891 3716 Etymologum
914 3634 1016 3718 θοάς
1044 3634 1159 3717 uerba,
1185 3655 1270 3718 quac

122 3741 284 3800 secuntur:
310 3728 404 3817 [ioca]
426 3723 488 3815 γὰρ
512 3727 600 3807 εἶδος
621 3730 764 3818 θρήνου,
796 3735 883 3818 apud
905 3737 1009 3801 solum
1031 3735 1200 3820 Photium3
1232 3757 1273 3803 ea

123 3855 205 3918 quae
227 3840 362 3900 restant:
386 3823 443 3897 ὅτε
464 3831 523 3914 μὲν
546 3841 617 3900 cett.
642 3856 758 3918 magna
774 3842 921 3919 exparte
937 3836 1024 3921 apud
1040 3839 1272 3922 Etymologum

122 3935 205 4001 Gud.
248 3937 298 4000 Ita
328 3936 411 4000 enim
438 3936 661 4021 lexicographi
690 3957 789 4020 opera
817 3940 1067 4021 componebant,
1098 3943 1133 4002 ut
1157 3940 1273 4008 ordine

121 4037 292 4102 uerborum
321 4037 464 4102 confecto
493 4038 526 4101 in
547 4039 796 4120 uniuscuiusque
819 4041 907 4104 uocis
929 4040 1035 4105 locum
1058 4044 1090 4104 et
1112 4043 1274 4110 nonnulla
