2856 4800
232 325 296 387 204
677 318 812 376 llenficus
828 318 941 390 Heyden

232 498 455 582 depromptam
469 513 533 561 non
545 511 616 562 esse
630 512 661 576 p.
674 495 734 556 199
748 490 973 574 demonstraui,
989 490 1051 558 hoc
1065 491 1139 557 loco
1151 490 1260 556 denuc
1271 507 1378 571 premo

232 599 378 669 codicem
392 599 422 663 V
442 596 657 681 Etymologici
671 594 713 660 M.
738 595 835 659 etiam
858 593 1092 677 expositionem
1107 591 1217 658 Photii
1239 590 1282 659 de
1304 610 1377 658 uoce

232 692 359 786 ἑρπήνῃ
393 689 562 773 αὑτολεξεό
594 695 789 780 descriptam
821 695 978 778 praebere
1006 713 1112 778 neque
1138 713 1217 760 uero
1245 693 1378 760 formula

233 796 387 887 βῃυορική
411 805 561 866 notatam.
600 796 691 876 Quae
713 816 785 863 cum
808 797 853 861 ita
876 795 949 879 sint,
972 796 1183 881 Etymologus
1197 795 1241 861 M.
1257 795 1376 878 glossas

231 901 406 969 Photianas
428 901 688 968 manifestissime
710 920 730 964 a
751 898 869 982 glossis
891 897 1060 966 rhetoricis
1083 897 1249 980 disiungit,
1273 917 1376 980 quam·

232 1004 341 1072 obrem
363 1024 422 1071 nos
444 1021 572 1085 quoque
595 1019 650 1066 eas
666 999 850 1082 disiungere
864 999 1019 1083 cogimur.
1051 1001 1204 1065 Attamen
1220 1004 1376 1084 corrupte

230 1107 295 1173 lam
310 1099 458 1176 ὑλώδους
472 1122 535 1169 non
550 1120 592 1167 ex
603 1100 712 1166 Photii
726 1099 832 1168 lexico
844 1101 877 1166 in
888 1101 1147 1186 Etymologicum
1158 1100 1200 1165 Μ.
1213 1100 1378 1184 irrepsisse

231 1207 290 1275 sed
307 1227 348 1272 ex
364 1204 544 1285 antiquiore
565 1202 652 1268 fonte
674 1221 747 1268 cum
768 1221 810 1269 ex
832 1203 883 1286 iis,
906 1223 989 1285 quae
1012 1203 1108 1270 modo
1124 1203 1272 1287 exposui,
1294 1207 1376 1286 patet

231 1315 298 1376 tum
321 1327 363 1371 ex
378 1304 534 1389 Hesychii
556 1309 589 1370 et
604 1302 724 1369 Suidae
745 1305 860 1371 lexicis
882 1306 1088 1390 intellegitur,
1111 1305 1167 1372 ubi
1189 1305 1250 1371 sub
1267 1304 1376 1372 eodem

231 1411 382 1476 lemmate
410 1406 498 1473 idem
524 1405 676 1471 mendum
704 1400 849 1482 ὑλώδους
872 1413 985 1474 exstat.
1030 1406 1126 1485 Quod
1154 1408 1216 1472 uiri
1239 1406 1377 1474 doctiin

229 1501 419 1586 ‘lissidona’
438 1509 490 1575 uel
505 1509 627 1575 minore
646 1508 873 1591 probabilitate
895 1510 929 1573 in
948 1499 1151 1596 ’πηλώδους
1169 1513 1376 1576 mutauerunt

318 1613 411 1679 Vitiis
434 1611 568 1677 refertus
591 1615 639 1676 est
660 1610 812 1676 articulus
832 1610 881 1676 Et.
898 1610 939 1675 M.
957 1632 988 1694 p.
1006 1613 1079 1696 787,
1097 1615 1146 1696 17,
1169 1609 1290 1695 Photii‚
1313 1609 1376 1678 Sui·

233 1715 294 1782 dae
317 1735 341 1780 s.
357 1735 387 1779 u.
412 1710 560 1798 φάλος·
584 1706 630 1796 [ἓν
653 1710 688 1776 ὑὲ
709 1713 758 1796 τῷ
780 1711 942 1799 ῥητορικῷ
965 1710 1082 1797 λεξικῴ
1098 1705 1193 1798 εὑρον
1208 1716 1378 1799 σημαίνειν

231 1812 291 1901 τὴν
314 1812 401 1891 λέξιν
422 1810 460 1879 εὑ
485 1810 621 1900 φάλος]·
642 1802 787 1898 βώλσνῆ
803 1813 909 1901 λόφον
924 1803 944 1900 ἢ
958 1809 1183 1901 ὑπερέχουσαν
1205 1810 1376 1902 πένρανέν

232 1914 400 2002 θαλάσσῃ.
444 1917 539 1983 Patet
566 1917 667 1982 solam
695 1917 859 1982 notionem
882 1913 987 2001 λόφος
1014 1917 1164 1984 lemmate
1188 1914 1299 2002 φάλος
1327 1937 1376 1983 cx·

232 2019 346 2102 plicari
379 2017 420 2083 ob
454 2037 587 2100 eamque
621 2037 752 2084 causam
781 2018 927 2084 notiones
959 2018 1069 2101 βιὺλον
1098 2025 1131 2086 et
1157 2013 1379 2102 ὑπερέχουσαν

233 2121 359 2203 πέτραν
381 2114 416 2182 ἐν
437 2116 596 2204 θαλάσσῃ
620 2139 662 2186 ex
684 2117 746 2186 hac
767 2120 876 2204 glossa
898 2140 969 2188 esse
992 2121 1165 2189 eiciendas.

314 2220 461 2288 Correxit
475 2227 583 2287 autem
597 2220 814 2306 Bemhardy1)
829 2220 913 2289 hanc
927 2223 1068 2307 glossam
1081 2225 1137 2307 ita,
1151 2229 1188 2289 ut
1201 2242 1268 2290 una
1279 2222 1379 2291 diuisa

232 2325 274 2392 sit
298 2326 433 2390 intres:
464 2320 588 2409 φάλος·
611 2320 731 2410 λόφος,
758 2321 884 2400 πάλος·
911 2322 1013 2407 βόλος
1034 2327 1088 2392 uel
1111 2322 1235 2411 φάρος·
1264 2321 1375 2408 βόλος;

232 2419 375 2512 ὑφαλος·
393 2419 435 2512 [ἡ]
457 2418 665 2510 ὑπερέχουσα
686 2428 795 2511 πέτρα
818 2423 852 2490 ἓν
874 2425 1043 2512 θαλάσσῃ.
1088 2427 1149 2494 dui
1164 2425 1376 2494 emendationi

232 2528 414 2610 praeferam
435 2527 627 2594 medicinam
648 2528 803 2594 leniorem
818 2549 838 2593 a
852 2529 1005 2595 Mauricio
1021 2528 1167 2596 Schmidt
1181 2528 1225 2596 ad
1238 2527 1375 2614 Hesych.

232 2648 257 2695 s.
279 2649 308 2694 ιι.
333 2625 462 2715 φαλλός
483 2629 680 2712 adhibitam,
710 2630 765 2711 qui
787 2636 897 2696 censet
918 2631 1097 2714 glossarum
1119 2633 1277 2698 rationem
1300 2631 1376 2698 hanc

232 2733 345 2802 fuisse:
375 2728 499 2820 φάλος·
528 2729 649 2817 λόφος;
677 2720 821 2818 ὑφαλος·
848 2729 960 2813 βόλος.
988 2726 1196 2818 ὑπερέχουσα
1217 2727 1376 2819 πέτραὺν

231 2834 408 2920 θαλάσσῃ,
438 2840 470 2902 et
497 2832 706 2900 similitudine
730 2836 857 2919 πέτρας
878 2827 1009 2921 ὑφάλου
1031 2836 1242 2918 probabiliter
1264 2833 1375 2903 conicit

231 2934 332 3019 βόλον
354 2927 493 3021 ὑφαλου.
538 2935 720 3018 Utramque
735 2942 844 3001 autem
865 2937 1023 3003 rationem
1038 2935 1241 3020 Bernhardyi
1263 2938 1374 3022 imprc

231 3038 372 3105 bandam
394 3056 465 3104 esse
487 3036 563 3104 inde
585 3042 730 3121 apparet,
754 3035 841 3120 quod
862 3057 967 3121 neque
989 3039 1195 3122 intellegitur,
1218 3037 1374 3121 quomodo

233 3140 341 3224 glossa
355 3136 479 3215 πάλος·
501 3137 602 3222 βόλος
616 3139 772 3206 aduersus
787 3137 954 3222 alphabeti
970 3139 1114 3207 ordinem
1129 3139 1193 3208 huc
1206 3140 1375 3227 irrepserit

234 3248 267 3310 et
294 3239 403 3328 φάρος
427 3243 448 3308 i.
472 3262 499 3309 e.
526 3242 662 3326 pallium
682 3260 787 3324 neque
809 3240 908 3308 uerbo
934 3240 1044 3323 βῶλος
1071 3261 1176 3326 neque
1200 3239 1303 3325 βόλος
1328 3242 1375 3310 de

231 3343 348 3410 finitur.

319 3445 367 3511 cf.
390 3446 471 3513 alias
486 3447 611 3529 glossas
630 3467 659 3512 u.
673 3467 698 3513 c.
711 3447 872 3531 υερθροία
893 3446 942 3512 Mt.
955 3447 997 3512 M.
1015 3468 1047 3531 p.
1061 3449 1132 3531 752,
1143 3451 1183 3510 47
1200 3449 1273 3515 coll.
1287 3445 1375 3528 Phot

235 3554 268 3615 et
289 3545 378 3612 Suid.
402 3552 474 3612 cett.

208 3794 211 3799 ·
321 3767 345 3830 1)
362 3763 395 3819 In
411 3764 474 3820 adn.
493 3763 534 3820 ed.
552 3763 625 3820 Suid.
644 3781 665 3821 s.
678 3781 705 3820 ιι.
725 3761 815 3834 φάλοε.
