2812 4822
285 328 463 397 Quaesuones
481 325 514 381 de
531 327 608 382 Aelio
626 327 757 396 Dionysio
774 332 802 382 et
819 327 956 382 Pausania
973 329 1106 384 atticistis.
1215 330 1277 388 199

123 518 216 582 quae
237 498 303 567 huc
325 518 390 565 non
412 504 566 582 spectant.
601 500 733 566 Rectam
749 505 855 565 autem
870 501 957 565 uiam
971 497 1065 566 huius
1080 500 1278 569 difficultatis

74 646 76 697 :
122 600 294 667 tollendae
317 600 444 685 ingredi
465 601 659 682 uidebimur,
683 602 886 685 conicientes,
910 623 981 668 cum
1004 603 1213 686 Etymologus
1235 605 1277 669 Μ.

74 726 76 779 ;
124 704 242 784 procul
265 704 365 769 dubio
394 703 455 769 boc
477 704 548 769 loco
572 702 680 769 Photii
701 704 829 769 lexicon
850 704 986 770 formula
1007 711 1119 771 notare
1140 706 1280 771 noluerit

74 790 76 825 ⁵
125 823 233 885 neque
263 824 341 871 uero
369 805 496 871 omnino
519 806 746 888 Etymologum
767 804 850 870 (lud.
873 805 924 871 his
945 808 1030 872 notis
1053 806 1218 872 indicarit:
1248 813 1281 871 et

127 903 283 971 Photinm
312 913 345 972 et
365 906 592 990 Etymologum
616 906 698 972 (iud.
723 913 755 972 et
776 907 927 989 Magnum
958 908 1202 988 alterutronon
1231 909 1300 972 in·-

125 1013 244 1088 specto
267 1027 309 1072 ex
332 1008 446 1073 eodem
470 1008 628 1074 communi
651 1008 738 1074 fonte
760 1028 818 1074 sua
840 1010 1087 1093 deprompsisse.

219 1108 405 1177 Consimilis
428 1116 476 1176 est
497 1111 606 1193 glossa
621 1109 661 1176 de
677 1110 838 1176 ulceribus
854 1110 1063 1193 serpentibus,
1087 1130 1181 1192 quem
1196 1133 1279 1180 mor-

123 1209 204 1273 bum
236 1207 363 1295 ἑρνιῆνα
396 1213 448 1277 uel
483 1209 628 1298 ἕροήνην
661 1212 836 1297 appellant.
888 1211 1099 1295 Etymologus
1128 1213 1169 1277 ll.
1198 1214 1280 1281 baec

119 1330 155 1394 p.
174 1314 217 1375 37
222 1300 251 1395 7,
267 1317 287 1376 4
310 1313 408 1379 tradit
430 1315 489 1380 sub
503 1314 593 1380 uocis
608 1314 711 1379 forma
726 1310 870 1398 ἕρπήν·
893 1305 1000 1395 ὄνομα
1015 1310 1162 1388 πάθους.
1186 1313 1280 1397 παρὰ

116 1408 161 1474 τὸ
180 1409 287 1497 ἕρπω,
311 1412 426 1501 ἑρπήν.
450 1413 521 1480 ’ἐστι
537 1413 573 1480 δὲ
589 1413 706 1491 πάθος
717 1412 882 1495 χαλεπόν·
906 1406 975 1478 ἀπὸ
992 1416 1051 1479 τοῦ
1067 1413 1181 1501 ἕρπειν
1196 1420 1267 1480 καθ
1318 1481 1322 1487 ,

119 1503 210 1578 ὅλου
237 1517 298 1580 τοῦ
328 1515 492 1599 σώματος.
528 1514 791 1582 &conlocauerat
818 1514 880 1601 γὰρ
909 1519 957 1600 τῷ
986 1514 1117 1598 σώματι
1146 1509 1204 1582 οὐκ
1233 1517 1282 1594 εἷς

120 1607 237 1698 ὄγκον,
262 1609 336 1681 ἀλλ’
357 1615 405 1694 εἷς
427 1617 556 1694 πλάτος
577 1620 633 1683 καὶ
655 1621 767 1704 μῆκος.
792 1618 921 1703 λέγεται
944 1616 1049 1683 δὲκαὶ
1065 1616 1217 1706 ἑρπήνη
1235 1615 1281 1696 ὠς

124 1708 229 1799 εὗρον
252 1716 299 1794 εἷς
321 1716 359 1784 τὸ
377 1718 514 1796 λεξικόν.
531 1757 571 1765 -
595 1721 675 1786 Cum
691 1727 725 1785 ut
739 1741 770 1804 p.
788 1723 859 1802 310,
876 1724 916 1784 46
932 1722 978 1785 ita
993 1720 1141 1788 hocloco
1157 1742 1282 1788 summa

128 1820 361 1903 probabilitate
383 1822 426 1887 ad
448 1842 561 1888 uocem
583 1817 708 1897 λἐξικόν
728 1821 940 1905 supplendum
957 1822 998 1887 sit
1013 1820 1186 1907 ῥητορικόν
1208 1844 1282 1906 pro·

126 1926 259 2005 pterea,
295 1923 382 2005 quod
410 1924 620 2008 Etymologus
652 1930 780 2008 praeter
807 1924 936 1989 lexicon
969 1922 1131 2005 quoddam
1160 1925 1282 1991 Iliados

127 2017 172 2106 [p.
199 2027 276 2107 416,
292 2028 349 2109 213
374 2029 446 2109 553,
465 2031 499 2110 73
523 2031 594 2109 744,
612 2022 683 2110 40],
714 2025 755 2091 de
785 2046 848 2108 quo
878 2025 931 2091 hic
960 2026 1102 2108 cogitare
1130 2027 1219 2091 nulla
1247 2047 1283 2092 re

127 2126 286 2210 cogimur,
309 2127 382 2192 aliis
405 2128 518 2193 lexicis
542 2147 616 2194 usus
643 2147 707 2192 non
730 2133 779 2192 est
801 2128 863 2192 nisi
877 2126 1054 2210 rhetoricis,
1077 2127 1159 2193 illud
1174 2129 1281 2193 Nabe-

124 2226 257 2292 rianum
278 2228 368 2294 iubet
388 2249 446 2295 nos
469 2230 705 2314 expositionem
720 2229 904 2312 Etymologi
919 2229 961 2293 M.
978 2228 1019 2294 de
1040 2230 1201 2295 ulceribus
1217 2249 1282 2295 ser·

124 2330 283 2413 pentibus
306 2350 347 2395 ex
370 2329 485 2396 Photio
507 2331 640 2414 petitam
664 2349 734 2396 esse
750 2330 907 2395 arbitrari.
942 2330 1055 2412 Neque
1070 2350 1147 2396 uero
1163 2331 1280 2395 omnia.

123 2432 261 2497 Etenim
275 2432 376 2498 uerba
390 2433 532 2497 ineuntia
551 2427 693 2516 [ἑρπήν]·
717 2424 822 2512 ὄνομα
839 2428 990 2505 πάθους
1014 2429 1107 2516 παρὰ
1123 2429 1159 2497 τὸ
1178 2431 1281 2519 ἕρπω,

124 2529 239 2617 spada
262 2553 302 2599 ex
325 2534 390 2599 alio
413 2553 509 2618 opere
533 2533 696 2617 descripta
712 2553 782 2600 esse
799 2539 895 2615 atque
911 2535 1087 2617 sequentia,
1111 2536 1187 2617 qnia
1201 2535 1284 2604 haec

124 2635 201 2701 fere
219 2635 331 2701 eadem
347 2636 420 2701 aliis
437 2634 567 2717 quidem
583 2635 692 2701 uerbis
708 2635 833 2717 docent,
856 2635 1018 2700 Naberum
1036 2637 1141 2719 ipsum
1158 2638 1284 2721 opinari

123 2738 294 2802 existimo.
318 2735 441 2814 Quibus
453 2736 560 2802 uerbis
575 2735 667 2801 addit
682 2737 893 2819 Etymologus
906 2737 1140 2818 expositionem
1152 2740 1283 2804 maioris

124 2839 243 2922 pretii:
267 2835 338 2902 ἔστι
361 2835 396 2900 dd
412 2835 529 2912 πάθος
547 2835 712 2917 χαλεπόν·
738 2829 806 2901 dab
823 2838 882 2901 τοῦ
898 2834 1012 2921 ἕρπειν
1027 2828 1109 2900 κοιθ>
1129 2828 1208 2902 ὅλου
1223 2841 1283 2902 τοῦ

127 2936 299 3022 σώματος.
323 2936 585 3004 catascevae
607 2935 670 3024 γὰρ
692 2941 739 3022 τῴ
763 2936 893 3020 σώματι
917 2930 975 3002 οὐκ
997 2935 1044 3013 εἷς
1067 2932 1179 3022 ὄγκον,
1204 2931 1280 3004 ἄλλ)

128 3038 182 3118 εἷς
205 3039 334 3117 πλάτος
355 3041 410 3105 καὶ
433 3043 544 3126 μῆκος.
567 3076 609 3086 -
630 3041 824 3108 Luculenter
838 3046 974 3124 apparet
996 3039 1077 3107 baec
1092 3043 1201 3107 omnia
1214 3049 1284 3109 arte

130 3163 205 3210 esse
228 3145 406 3226 coniuncta,
429 3143 678 3225 haudquaquam
695 3145 803 3226 priora
822 3137 908 3206 ςἔστι
925 3140 961 3205 δὲ
977 3165 1015 3206 π.
1028 3166 1058 3221 χ.
1076 3133 1144 3206 ἀπὸ
1162 3167 1190 3207 τ.
1209 3140 1283 3227 ἔρον.

128 3235 214 3323 καθ’
242 3236 291 3308 ὅλ.
314 3268 343 3307 τ.
368 3235 529 3325 σώματος’
556 3265 597 3310 ex
619 3246 684 3309 alio
706 3245 830 3327 lexico,
854 3263 896 3309 ex
918 3245 983 3309 alio
1005 3243 1130 3325 reliqua
1153 3244 1185 3308 in
1206 3245 1284 3327 Ety-

129 3346 328 3430 mologicum
343 3347 385 3410 M.
401 3353 533 3430 recepta
555 3365 635 3412 esse.
680 3346 828 3427 Denique
853 3365 894 3410 ex
916 3345 1021 3410 lexico
1041 3344 1201 3410 rhetorico
1216 3346 1237 3409 i.
1256 3365 1283 3410 e.

126 3448 316 3515 auctoribus
339 3447 467 3514 Nabero
490 3454 523 3512 et
543 3448 693 3530 Boyseno
716 3467 758 3511 ex
772 3445 881 3511 Photii
903 3445 986 3510 libro
1001 3445 1213 3529 Etymologus
1236 3446 1284 3512 di-

129 3549 214 3615 dicit
241 3545 346 3633 ἒρπήν
374 3550 512 3614 nominis
540 3549 612 3613 loco
636 3549 731 3613 etiam
753 3548 888 3612 formam
912 3543 1037 3632 ἕρπήνη
1062 3547 1225 3628 adhiberi,
1250 3548 1285 3612 id

129 3647 222 3732 quod
249 3649 350 3715 adicit
378 3647 429 3714 his
458 3649 582 3714 uerbis:
613 3648 741 3732 λέγεται
764 3646 876 3710 δὲκαὶ
899 3644 1025 3732 ἑρνοήνη
1050 3641 1096 3722 ὠς
1119 3639 1213 3731 εὗρον
1237 3645 1284 3722 εἰς

127 3747 169 3816 τὸ
195 3748 333 3827 λεξικόν.
368 3749 435 3816 Sed
449 3770 489 3816 ne
505 3749 567 3815 hoc
583 3750 712 3833 quidem
730 3749 877 3833 exemplo
893 3749 949 3814 illa
963 3749 1085 3814 Naberi
1100 3755 1132 3814 et
1143 3748 1285 3831 Boyseni

129 3855 294 3921 sententia
322 3853 484 3937 probatur.
529 3853 657 3917 Etenim
687 3872 880 3935 quamquam
903 3849 1036 3916 Photius
1063 3850 1144 3917 illud
1166 3852 1286 3916 lemma

130 3959 176 4022 ita
207 3955 359 4036 exbibet,
389 3960 423 4019 ut
444 3954 654 4035 Etymologns
678 3956 746 4020 sine
769 3954 867 4020 dubio
890 3953 996 4018 uerbis
1020 3952 1149 4036 λέγεται
1172 3950 1285 4016 δὲκαὶ

131 4064 204 4125 cett.
230 4056 384 4123 Photium
419 4055 560 4120 indicare
593 4057 716 4138 possit,
747 4062 779 4121 et
809 4075 1000 4139 quamquam
1023 4055 1230 4140 Etymologus
1254 4059 1286 4118 et
