2812 4822
123 305 184 366 188
436 352 448 369 ,
564 303 698 358 Henricus
715 302 827 371 Heyden

122 476 168 556 (id
203 476 289 560 quod
323 497 363 544 ex
396 477 453 542 illo
486 475 746 541 manifestissimo
775 476 924 560 exemplo
953 474 1011 540 sub
1040 495 1121 540 uoce
1151 470 1272 558 νεαλής

122 579 282 658 elucebat)
297 579 339 644 ab
355 578 556 660 Etymologo,
573 568 600 643 si
616 576 696 642 duas
711 576 836 659 glossas
851 576 884 641 in
898 577 1005 642 lexico
1021 578 1164 660 praebet,
1189 575 1271 642 duos

120 679 222 747 libros
238 699 308 747 esse
323 684 502 761 usurpatos,
518 678 639 761 optime
654 675 865 743 confirmetur.
882 710 923 720 —
939 675 1030 753 Quae
1045 683 1152 742 autem
1166 677 1272 759 Hesy-

122 781 214 848 chius
237 782 296 847 sub
318 781 425 845 littera
448 801 465 842 ο
488 778 635 845 exhibet:
664 769 974 863 ὂτρογηφάγοο·
998 774 1156 862 περιττὸν
1178 773 1217 841 τὸ
1242 800 1271 842 ο.

120 879 219 966 τράγη
242 878 305 965 γάρ
333 874 350 944 ὁ
376 891 467 955 σῖτος
488 880 544 944 καὶ
567 873 584 944 ὁ
605 876 738 965 χόρτος,
769 898 808 945 ea
831 879 1019 946 sententiam
1041 880 1184 946 nostram
1205 899 1270 946 non

120 983 315 1066 perturbant.

205 1084 355 1150 Pluribus
387 1083 494 1149 uerbis
523 1082 742 1149 demonstrare
772 1083 806 1147 in
833 1081 941 1148 medio
970 1082 1196 1166 Etymologico
1227 1083 1270 1147 M.

119 1186 262 1268 uestigia
275 1185 436 1251 Photiana
458 1185 562 1250 inesse
585 1204 656 1251 oum
679 1204 743 1249 non
759 1184 824 1249 iam
840 1202 920 1267 opus
936 1183 987 1265 sit,
1009 1189 1118 1249 tamen
1133 1183 1175 1249 de
1191 1183 1270 1248 dua·

119 1287 180 1354 bus
209 1289 325 1371 glossis
354 1287 453 1352 uerba
481 1287 615 1369 faciam,
646 1286 780 1369 quibus,
810 1291 845 1351 ut
867 1285 929 1351 hoc
952 1285 1066 1351 iterum
1088 1287 1271 1368 iterumque

118 1409 280 1473 premam,
303 1387 475 1454 adnectere
497 1393 642 1470 poteram
663 1387 779 1452 multas
801 1387 884 1453 alias
905 1387 1094 1470 Etymologi
1118 1389 1271 1453 obserua-

119 1491 240 1573 tiones,
263 1508 362 1571 quae,
396 1489 456 1555 etsi
480 1487 674 1554 concordant
696 1494 729 1553 et
754 1508 826 1554 cum
847 1488 956 1554 Photii
980 1493 1012 1554 et
1035 1508 1108 1554 cum
1129 1489 1271 1554 aliorum

117 1611 148 1659 u.
166 1612 192 1658 c.
216 1590 439 1675 lexicographi
468 1590 572 1657 Bekh.
597 1591 648 1655 uel
680 1589 813 1656 Baohm.
842 1591 975 1673 glossis,
1005 1596 1113 1656 tamen
1142 1609 1271 1657 summa

118 1711 190 1758 eum
213 1691 491 1758 uerisimilitudine
514 1689 631 1757 Photio
654 1690 843 1757 tribuendae
867 1697 949 1757 sunt.

202 1793 313 1859 Priore
341 1793 413 1859 loeo
442 1792 574 1858 afferam
602 1793 691 1858 illam
719 1793 936 1870 narrationem
954 1792 996 1858 de
1018 1793 1271 1859 Atheniensium

116 1897 171 1963 die
186 1897 268 1963 festo
284 1897 317 1961 in
332 1894 485 1961 honorem
499 1895 587 1961 Iouis
601 1895 755 1979 instituto,
780 1915 876 1978 quem
894 1901 1011 1963 uocant
1032 1891 1082 1958 ιὰ
1096 1892 1271 1958 Πάνδια

116 2001 171 2065 uel
194 1994 390 2062 llo'rvdsto.
433 1996 568 2079 Legitur
589 1996 622 2060 in
644 1997 869 2080 Etymologico
892 1997 933 2061 M.
948 2017 980 2080 p.
997 2001 1070 2079 651,
1086 2000 1144 2061 21:
1169 1991 1270 2081 ἑορτή

114 2091 317 2185 Ἀθήνησιν·
342 2089 410 2161 άπὸ
426 2095 597 2172 Πανδείας
618 2099 676 2182 τῆς
699 2095 853 2184 σελήνης·
875 2086 896 2184 ή
919 2089 988 2163 άπὸ
1005 2096 1205 2176 Πανδίονος,
1230 2088 1269 2160 οὗ

60 2214 63 2218 ’
115 2202 173 2267 καὶ
201 2195 220 2285 ή
252 2196 338 2286 φυλή
370 2195 561 2281 ἐπώνυμος·
588 2186 686 2283 iiiito
706 2201 755 2283 spi
775 2201 840 2265 Aa·
866 2192 1004 2284 r'r'yovsoc
1030 2197 1073 2264 τά
1095 2197 1267 2264 Πάνᾶεια·

115 2295 311 2385 ὠνόμασται
334 2291 402 2365 άπὸ
427 2303 487 2365 τοῦ
502 2299 614 2365 πάντα
631 2298 770 2366 deasciato
783 2303 815 2382 (l)
829 2303 877 2386 api
892 2302 963 2367 Διΐ.
997 2303 1184 2386 humorum,
1209 2303 1267 2385 qui

114 2406 348 2488 aliquantulum
365 2403 407 2469 de
421 2403 483 2470 hoc
499 2403 552 2469 die
567 2403 650 2470 festo
666 2404 829 2471 tradentes
845 2405 886 2470 ab
903 2405 1089 2490 Etymologi
1101 2406 1142 2469 M.
1155 2405 1265 2472 uerbis

115 2508 216 2572 multo
232 2506 361 2587 distant,
377 2503 584 2571 scholiastam
599 2505 827 2572 Demosthenis
844 2501 905 2590 [ed.
919 2506 1016 2573 Dind.
1034 2527 1106 2592 opp.
1124 2509 1188 2573 uol.
1205 2505 1267 2572 IX.

114 2629 146 2692 p.
165 2604 254 2691 53lll,
291 2607 594 2691 Harpocrationem‚
624 2605 823 2691 Hesychium
853 2628 982 2692 prorsus
1008 2609 1155 2675 omittere
1176 2609 1266 2674 licet.

113 2709 248 2775 Restant
269 2706 519 2791 lexicographus
535 2707 571 2772 V.
595 2706 700 2772 Bekk.
724 2713 756 2773 et
775 2707 919 2792 Photius,
947 2729 1081 2791 quorum
1103 2710 1159 2774 ille
1182 2709 1269 2774 haec

114 2808 247 2875 exhibet
268 2803 309 2893 [p
326 2809 397 2890 292,
416 2802 483 2891 10]:
517 2803 698 2871 Πάνδια·
727 2804 824 2894 ἑορτὴ
853 2804 1054 2894 Ἀθήνησιν,
1085 2801 1160 2892 ήτοι
1192 2799 1265 2872 άπὸ

113 2906 267 2984 Πανόίας
289 2908 347 2992 τῆς
362 2904 513 2993 Σελήνης,
536 2895 557 2993 ή
580 2899 648 2973 άπὸ
672 2906 871 2988 Πανδίονος,
896 2900 934 2974 οὗ
956 2909 1012 2974 καὶ
1030 2903 1050 2994 ή
1069 2905 1155 2994 φυλή
1172 2905 1269 2972 ἐννώ-

114 3031 214 3092 νομος
235 3029 295 3076 nee
316 3011 419 3094 plura,
442 3008 510 3075 hic:
533 3001 710 3075 Πάνδια·
734 3007 829 3096 ἑορτή
851 3027 918 3086 τις·
942 3002 1011 3074 άπὸ
1029 3008 1183 3085 Πανόίας
1206 3011 1268 3094 τῆς

112 3108 269 3197 Σελήνης·
285 3097 306 3195 ή
323 3101 392 3174 άνιὸ
409 3108 608 3189 Πανδίονος,
625 3102 663 3175 οὗ
679 3107 750 3176 ἐστὶ
764 3112 821 3176 καὶ
833 3107 920 3198 φυλή
934 3108 1123 3193 ἒνιώνομος·
1146 3103 1268 3194 άγεται

113 3211 149 3278 δὲ
173 3203 253 3298 αὕτη
276 3212 325 3295 τῷ
345 3211 424 3276 Διῒ·
449 3207 725 3293 ἕπονομαοθεῖοα
748 3211 831 3289 ἰὀιος
853 3204 958 3288 οὕτως
981 3203 1050 3276 dno
1073 3213 1133 3276 τοῦ
1148 3209 1265 3276 πάντα

113 3312 182 3379 δεῖν
210 3310 308 3377 θύειν
335 3313 384 3396 τῷ
405 3313 476 3377 Διΐ.
514 3314 723 3397 Perspicuum
745 3321 795 3382 est
816 3314 1042 3400 Etymologum
1066 3312 1184 3380 debere
1208 3319 1267 3380 aut

110 3416 252 3501 priorem
273 3420 398 3500 partem
419 3415 546 3498 glossae
568 3416 800 3500 lexicographo
817 3417 854 3482 V.
871 3415 975 3481 Bekk.
994 3421 1027 3481 et
1047 3415 1264 3499 posteriorem

109 3516 227 3584 Photio
250 3522 305 3582 aut
327 3521 425 3581 totam
448 3517 588 3599 glossam
610 3518 823 3602 patriarchae.
867 3518 930 3583 Pro
955 3513 1094 3581 ὁινεύειν
1117 3517 1159 3583 ab
1183 3517 1264 3600 noy-

109 3620 240 3701 mologo
262 3617 304 3682 M.
330 3617 446 3683 tradito
477 3617 681 3685 scribendum
711 3639 781 3686 esse
812 3617 880 3683 δεῖν
909 3616 1007 3683 θύειν
1029 3617 1138 3684 Photii
1161 3618 1266 3685 uerba

111 3719 339 3786 demonstrant.

195 3820 344 3902 Denique
366 3819 445 3884 mihi
468 3821 623 3886 inanimo
643 3827 690 3887 est
705 3823 846 3904 glossam
860 3822 1045 3904 Etymologi
1061 3821 1102 3885 M.
1120 3825 1269 3889 tractare

111 3920 152 3986 de
182 3920 302 3986 triremi
325 3939 416 3987 sacra
438 3917 634 4005 Πάραλος
655 3942 687 4006 p.
704 3925 776 4006 699,
795 3926 848 3986 14:
880 3918 947 4004 leod
979 3917 1116 4006 τριήρης
1143 3911 1266 4004 ὥσπερ

110 4021 164 4086 καὶ
187 4021 375 4102 Σαλαμινία
401 4021 457 4086 καὶ
478 4012 659 4105 Ἀντιγονὶς
680 4024 736 4088 καὶ
758 4019 969 4108 Δημητριάς·
1001 4014 1070 4086 ἀπὸ
1094 4021 1266 4108 Παράλου
