2812 4822
91 308 154 368 230
535 303 669 360 Henrious
686 303 798 376 Hoyden

91 472 175 545 ὅθεν
203 480 259 543 καί
287 474 372 553 Ζεύς
402 468 557 561 ἀλάστωρ
588 477 645 541 καί
673 473 806 562 φθόνος
837 475 894 541 καὶ
927 473 1057 557 δαίμων
1086 465 1244 561 ἀλάστωρ
1281 463 1286 527 ἕ

90 578 261 667 ἐπενοήθη
290 579 460 663 λέγεσθαι.
505 579 585 646 Cum
607 578 792 663 Etymologi
819 577 954 643 articulo
982 577 1147 662 oouopirat
1174 577 1243 644 fore
1284 564 1286 571 ¹

89 684 134 752 ad
155 685 289 750 uerbum
310 680 559 766 lexicographus
580 679 712 746 Baohm.
736 674 851 764 [Bokk.
866 678 953 744 aar.
975 697 1008 762 p.
1021 681 1094 763 374,
1108 673 1171 763 22].

179 788 226 850 13.
255 784 305 849 Et.
320 783 362 848 M.
385 803 417 866 p.
433 785 504 864 160,
517 786 573 846 50:
608 773 867 868 ἀσφάραγος·
898 780 1028 864 λέγεται
1055 778 1092 844 δὲ
1119 781 1179 844 καί
1204 777 1242 845 τὸ

89 875 248 949 ἀκανθῶν
273 877 510 970 ύντοφυόμενον
541 879 727 968 βλάστημα.
776 879 848 947 ἔστι
877 879 914 945 δέ
944 904 978 946 τι
1010 881 1067 945 καὶ
1099 877 1247 967 βοτάνης

89 980 178 1062 εἶδος
194 977 398 1072 ἀσφάραγος,
421 982 509 1071 πρὸς
529 981 590 1060 τὰς
611 981 797 1065 καθάρσεις
819 979 1020 1068 ἐπιτήδειον.
1055 973 1163 1058 ούτως
1184 981 1247 1065 μὲν

89 1086 130 1151 οἱ
151 1079 332 1153 Ἀττικοὶ
356 1083 412 1151 διὰ
434 1088 495 1151 τοῦ
516 1103 560 1173 φ·
584 1085 617 1151 οἱ
639 1084 676 1150 δὲ
693 1082 828 1165 λοιποί,
855 1081 900 1169 μη
924 1076 1155 1168 ἀκριβοῦντες,
1186 1081 1245 1148 διὰ

87 1190 148 1254 τοῦ
169 1211 198 1252 ντ
221 1188 382 1273 λέγουσιν.
417 1189 474 1254 καὶ
497 1181 614 1262 ἀταλαῖς
640 1185 683 1251 τὰ
709 1187 776 1251 τῶν
799 1184 949 1266 λαχάνων
975 1177 1099 1271 ὄρμενα
1128 1177 1246 1250 ἀσπα-

88 1287 210 1374 ράγους
238 1290 404 1356 καλοῦσιν.
448 1281 554 1365 ούτιος
583 1281 679 1375 εύρον
709 1285 743 1353 ἐν
767 1291 817 1373 τῳ
847 1285 964 1371 λεξικηῖ
988 1289 1037 1371 τῳ
1067 1286 1247 1374 ῥητορικῷ.

87 1392 211 1458 Eadem
234 1412 275 1458 ox
298 1393 354 1458 illo
378 1393 484 1459 lexico
506 1391 667 1457 rhotorioo
689 1389 808 1456 Suidao
830 1390 863 1454 in
885 1390 1080 1471 farraginem
1108 1390 1245 1473 recapit,

89 1512 172 1575 quae
187 1494 336 1560 atticiatis
350 1493 520 1561 tribuenda
535 1512 607 1560 osso
622 1492 749 1558 uidebis
771 1492 844 1558 ooll.
856 1489 1025 1557 Eustathio
1041 1511 1073 1574 p.
1085 1493 1245 1575 muta:

170 1595 255 1680 φησὶ
283 1595 361 1679 γοῦν
381 1618 435 1670 τις
462 1596 542 1659 τῶν
563 1594 756 1659 παλαιῶν
784 1584 837 1657 ὅτι
865 1584 1061 1678 ἀσφάραγος
1090 1588 1124 1657 ἒν
1146 1593 1197 1676 τῷ
1219 1613 1247 1677 φ

87 1691 126 1759 τὸ
151 1691 274 1760 ἐκτῶν
296 1687 455 1760 ἀκανθῶν
477 1687 724 1782 ἀναφυόμενον,
752 1691 789 1758 τὸ
815 1692 851 1758 δὲ
873 1690 908 1758 ἐκ
929 1694 988 1779 τῆς
1008 1691 1161 1780 κράμβης
1186 1687 1247 1780 ἀρ-

90 1818 200 1876 μενον.
239 1788 314 1878 (λύ’
342 1787 442 1872 αύτάς
470 1797 635 1881 λέγεικαὶ
657 1787 711 1860 ὅτι
734 1788 923 1882 ἀσφοδέλου
951 1791 1011 1879 τὴν
1040 1792 1134 1881 ῥίζαν
1160 1792 1247 1860 Θεό-

88 1917 237 1982 φραστος
265 1898 447 1963 καλεῖσθαί
469 1917 571 1984 φησιν
595 1894 812 1979 ε’ντιμενίδιον.
842 1903 875 1963 ot
895 1897 1013 1979 μ.899,
1027 1899 1083 1961 13:
1113 1893 1245 1981 ἐλέγετο

89 1995 126 2060 δέ
156 2020 287 2084 φασιν
321 1993 459 2085 ὄρμενος
490 2000 547 2065 καί
575 1993 593 2063 ύ
623 2000 682 2084 τῆς
713 1995 862 2084 κράμβης
895 1989 1094 2084 ἀσφάραγος
1126 1993 1244 2085 παρὰ

88 2092 295 2178 Ἀττικοῖς
323 2098 380 2166 διὰ
406 2097 444 2165 τύ
471 2097 634 2184 ἀξορεύειν
660 2101 717 2166 καὶ
744 2098 1025 2184 βλαστάνειν
1048 2101 1181 2184 λέγεται
1209 2099 1245 2166 δὲ

88 2206 256 2288 Κρατῖνος
270 2202 325 2267 καὶ
344 2195 551 2284 Θεόπομπος
568 2204 624 2267 καὶ
638 2199 717 2277 τούς
730 2199 903 2278 τοιούτους
924 2193 1143 2288 ἀσφαράγους
1164 2200 1245 2288 γρά-

87 2327 165 2391 φειν
181 2300 237 2370 διὰ
252 2305 312 2369 τοῦ
326 2326 363 2388 φ.
397 2304 519 2370 Auctor
532 2309 649 2388 autem,
667 2324 709 2370 ex
723 2305 813 2370 ouius
828 2323 926 2386 opera
942 2302 1003 2369 hae
1020 2305 1241 2387 expositiones

88 2405 131 2472 do
146 2408 265 2490 plautio
281 2407 315 2471 in
329 2407 436 2472 laxioa
450 2404 611 2471 rhetorica
629 2406 839 2472 attioiatarum
861 2412 1081 2490 manauaruut,
1102 2407 1241 2473 fortasse

90 2507 333 2592 Theophrastus
353 2501 401 2571 ’ἐν
423 2517 495 2581 τοῖς
517 2507 597 2591 περὶ
619 2498 746 2591 φυτῶν
772 2506 960 2573 statuendus
982 2512 1041 2573 ost.
1085 2506 1241 2574 Ooufaraa

91 2610 176 2676 enim
192 2609 281 2675 Euat.
296 2628 328 2691 p.
342 2609 415 2691 948,
427 2611 484 2673 23:
508 2611 694 2693 σημείωσαι
717 2605 752 2671 δὲ
773 2607 829 2684 καὶ
851 2598 905 2672 ὅτι
922 2601 1065 2694 Ὁμήρου
1084 2605 1241 2684 εἰπόντος

86 2707 241 2791 κύαμοι
269 2705 562 2792 μελανόχροες,
592 2706 761 2795 γράφουσι
789 2708 827 2774 οἱ
852 2710 1051 2788 παλαιοί,
1079 2701 1134 2776 ὅτι
1161 2707 1241 2786 τούς

86 2809 232 2894 κυάμους
256 2805 302 2887 ὡς
329 2810 476 2892 μέλανας
497 2803 555 2876 ούκ
577 2807 752 2877 ἐσθίουσιν
775 2810 809 2875 οἱ
831 2809 929 2893 ἱερεῖς
957 2817 1047 2897 συλλ,
1073 2813 1131 2878 ubi
1154 2808 1241 2877 Θεό·

87 2934 238 2999 φροατος
260 2917 293 2980 ot
315 2911 347 2977 οἱ
370 2912 513 2977 παλαιοί
541 2911 721 2979 laudantur.
766 2911 825 2979 Oui
848 2913 972 2979 adioiao
994 2914 1094 2980 uelim
1122 2914 1240 2999 looum,

88 3034 184 3096 quem
206 3013 303 3081 modo
326 3033 368 3081 ax
389 3012 558 3079 Euatathio
579 3033 611 3098 p.
626 3016 771 3096 1220‚59
799 3015 936 3081 traotaui
965 3020 997 3081 ot
1023 3033 1120 3098 quem
1140 3034 1241 3098 supra

86 3136 120 3200 p.
138 3118 199 3181 222
233 3115 275 3181 do
308 3134 388 3181 uooa
420 3108 641 3200 ἡμεροκαλλές
678 3135 720 3180 ox
751 3114 866 3181 eodem
896 3115 1066 3182 Euatathio
1101 3117 1241 3201 apposui

87 3212 130 3303 [p.
146 3219 237 3300 1049,
251 3213 313 3302 37],
337 3215 476 3299 deniquo
497 3216 705 3283 aoholiastam
720 3215 871 3283 Aooohin.
884 3217 926 3301 II,
939 3220 976 3283 21
997 3212 1048 3301 [of.
1061 3217 1241 3301 Frayarum

85 3340 119 3403 p.
135 3315 224 3403 298]:
254 3339 279 3385 s.
301 3338 332 3383 u.
354 3311 603 3402 ὁλοσχοίνῳ·
633 3316 666 3382 σί
692 3315 753 3400 μὲν
780 3317 932 3401 λέγουσιν
960 3311 1078 3394 ἀτελῶς
1106 3322 1241 3403 σχοίνῳ,

87 3419 193 3506 φασὶ
216 3417 253 3482 δὲ
275 3412 321 3494 ὥς
344 3417 383 3484 οἱ
403 3409 581 3485 Ἀττικοί
612 3413 804 3498 ὁλόσχοινον
827 3411 909 3484 αύτὸ
931 3418 1098 3484 καλοῦσιν.
1137 3417 1175 3484 οῖ
1198 3417 1242 3485 δέ

86 3541 213 3608 φασιν
236 3511 290 3588 ὅτι
312 3514 400 3595 εἶδός
422 3517 494 3588 ἐστι
515 3522 623 3608 φυτοῦ
645 3518 863 3603 tumetum,
884 3515 930 3596 ὥς
952 3522 1117 3607 περὶτῶν
1133 3519 1242 3606 λύγων

85 3622 173 3707 λέγει
193 3616 211 3688 ὁ
231 3619 376 3709 ποιητής
398 3670 456 3690 ...
479 3629 512 3692 θλ
532 3622 683 3690 Photium
706 3643 731 3690 ε.
747 3643 778 3690 u.
795 3617 1047 3704 ύλύσχοιυος·
1070 3615 1091 3707 ἡ
1108 3634 1242 3704 σχοῖνος

84 3727 142 3792 καί
161 3726 386 3811 Δημοσθένης
407 3727 462 3790 καὶ
486 3724 519 3790 οἱ
542 3718 641 3791 ἄλλοι
662 3732 695 3793 et
714 3726 869 3810 loxioogr.
884 3725 924 3792 V.
945 3724 1053 3792 Bakk.
1072 3727 1241 3811 paam:

86 3820 343 3906 ὁλύσχσινσς,
364 3823 403 3911 ἣν
419 3827 555 3910 λέγομεν
569 3820 687 3911 ἡμεῖς
706 3822 756 3912 [of.
768 3826 879 3895 Cobet.
891 3828 1008 3894 Muem.
1020 3823 1128 3912 1275}
1148 3839 1243 3908 σχοῖ-

85 3951 158 4008 νον,
187 3924 221 3995 ἐκ
247 3930 306 4015 γης
335 3919 568 4016 ἀναφυομένην
590 3919 706 4013 ὥσπερ
726 3927 877 4019 καλάμην
900 3949 1035 3996 —oum
1056 3927 1242 4016 Harpoora·

85 4031 172 4098 tione
186 4058 229 4083 =
244 4029 361 4097 Suida:
385 4023 632 4115 ὁλοσχοίνῳ·
655 4027 821 4119 Αἰσχίνης
844 4031 878 4101 ίυ
893 4032 942 4116 τῳ
956 4026 1112 4116 περὶτῆς
1127 4053 1245 4118 νταρα-
