2856 4800
233 297 410 362 Quaestioncs
429 297 462 352 de
479 295 556 352 Aelio
574 296 706 367 Dionysio
724 302 752 352 ct
769 297 905 354 Pausania
923 298 1057 356 atticistis.
1162 301 1224 363 209

71 467 129 533 καὶ
151 461 169 533 ό
194 466 345 552 αἰγιαλὸς
365 469 425 553 τῆς
446 465 632 554 θαλάσσης,
656 461 673 532 ὃ
697 465 791 553 παρὰ
813 467 993 537 θάλασσαν
1014 471 1070 537 καλ
1093 471 1224 558 πετριύ-

71 566 131 656 όης
158 568 274 644 τόπος.
312 565 406 652 παρὰ
428 565 467 633 τὸ
492 562 561 652 άγω
588 566 626 634 τὸ
650 567 769 634 κλάνω.
806 569 900 654 παρὰ
927 572 965 640 τὸ
994 572 1224 658 κατάγνυσθαι

68 673 127 735 καὶ
149 671 300 734 κλάσθαι
323 666 371 743 εἰς
394 660 494 754 αύτὴν
515 667 558 733 τά
580 668 719 753 κύματα.
763 672 828 738 Ubi
857 691 1050 759 quamquam
1078 678 1224 745 substan·

68 772 173 838 tinum
189 767 316 845 λεξικόν
331 770 582 855 intellegendum
597 791 668 839 esse
684 779 817 857 constat,
840 779 947 840 tamen
967 796 1039 842 cum
1055 798 1097 843 ex
1112 780 1223 847 simili·

66 873 132 939 bus
155 873 424 956 expositionibus,
455 892 538 956 quae
560 874 593 938 in
615 875 838 959 Etymologico
861 874 944 941 (iud.
966 896 998 960 p.
1017 880 1067 959 30,
1082 881 1120 942 18
1135 886 1168 945 et
1182 884 1220 944 21

58 964 175 1059 «[ἇκττζ]
200 979 232 1039 et
254 974 286 1038 in
304 975 411 1041 lexico
426 974 557 1041 Bachm.
573 996 604 1060 p.
619 979 690 1060 206,
705 980 744 1040 10
768 972 918 1060 [ἐδεύετα
935 978 1118 1062 conspirant
1133 978 1223 1047 Snid.

13 1082 15 1101 '
67 1075 148 1141 Zon.
164 1071 316 1160 Phanou]
339 1082 486 1142 seruatae
502 1082 585 1161 sunt,
607 1079 686 1143 certi
702 1078 877 1161 quidquam
892 1079 1002 1163 colligi
1024 1099 1088 1146 non
1110 1082 1222 1165 possit,

67 1196 126 1243 aas
149 1174 211 1242 hoo
233 1178 304 1243 loco
328 1176 473 1244 attulisse
495 1179 574 1245 satis
596 1177 782 1246 habeamus.

156 1281 185 1342 6.
214 1278 264 1343 Et.
280 1276 322 1343 M.
346 1299 377 1363 p.
389 1283 526 1363 771,1o:
547 1284 849 1365 τρυσίππειον·
872 1278 1017 1366 ἐγκαυμα
1036 1280 1147 1347 ἵππου
1168 1304 1222 1367 γε·

64 1375 249 1466 γηρακότος
278 1374 338 1444 ἐπὶ
365 1380 424 1466 τῆς
450 1378 596 1464 γνάθου,
624 1379 731 1467 τρύχη)
759 1374 887 1465 ὅμοιον.
930 1374 1035 1459 ούτως
1064 1377 1222 1461 Εύπολις.

64 1478 234 1567 ῥητορική.
278 1481 329 1545 Ex
349 1481 436 1547 Aelii
458 1482 608 1567 Dionysii
630 1485 736 1550 lexico
759 1483 840 1550 haec
862 1483 1033 1570 desumpta
1055 1505 1136 1569 esse,
1159 1486 1223 1551 En·

65 1580 205 1650 Biathius
222 1579 366 1648 declarat
379 1603 410 1667 p.
421 1587 547 1668 1517,4
566 1581 658 1668 [Rdfl.
674 1606 725 1652 no.
739 1581 828 1670 338]:
850 1589 960 1670 τείρω,
983 1582 1082 1671 τρόω]
1106 1577 1168 1672 ἀφ’
1184 1577 1224 1651 οὗ

63 1684 127 1748 καὶ
139 1680 280 1770 τρυτάνη
297 1680 356 1748 ἐπὶ
372 1682 476 1768 ζυγοῦ,
498 1678 518 1770 ἡ
542 1689 714 1771 τειρομένη
736 1689 785 1770 τῷ
806 1684 904 1769 βάρει
924 1688 991 1752 τῶν
1005 1680 1121 1771 όγκαιν.
1155 1677 1219 1752 ἄπ’

65 1775 173 1850 αύτοά
187 1782 223 1849 δὲ
238 1787 294 1850 καὶ
308 1784 412 1872 τρύμη
428 1781 523 1871 παρά
538 1787 586 1871 τῷ
600 1789 744 1871 κωμικῷ,
769 1781 786 1852 o‘
803 1790 990 1874 πανοῦργος
1005 1790 1062 1854 καὶ
1070 1785 1224 1875 -ἷτητικός

63 1887 126 1952 καλ
147 1877 221 1951 κατ’
241 1883 364 1953 ἐκεῖνον
379 1885 498 1968 εἰπεῖν,
521 1886 602 1968 ἵτος,
626 1880 750 1954 όέστιν
765 1886 893 1972 ἰταμός.
932 1886 968 1966 ἐξ
988 1880 1089 1954 alvos]
1112 1887 1148 1954 δέ
1166 1891 1224 1955 καλ

62 1984 276 2074 τρύσιππον,
307 1986 420 2066 ὃτοῖς
446 1994 682 2076 τετραμμένοις
710 1993 766 2056 καλ
796 1982 973 2077 άρχήστοις
999 1989 1124 2068 ἵπποις
1146 1985 1222 2057 ἐπι·

62 2087 237 2174 βάλλεται.
274 2078 296 2175 ἢ
317 2087 401 2155 κατὰ
422 2089 579 2158 Α’ύλιον
601 2091 829 2158 Διονύσιον
857 2097 1141 2180 τρυσίππειον
1168 2116 1223 2157 τε·

62 2189 306 2277 τρασυλλάβιος
338 2190 484 2277 ἐγκαυμα
515 2192 625 2258 ἵππου
658 2192 875 2280 γεγηρακότος
908 2192 968 2260 ἐπὶ
998 2197 1058 2279 τῆς
1092 2192 1222 2278 γνάθου

62 2282 187 2376 ὅμοιον
209 2291 325 2380 τρόχῳ.
364 2297 460 2379 φέρει
482 2292 519 2358 δὲ
542 2286 642 2370 αὐτὸς
663 2296 720 2359 καὶ
739 2296 855 2378 χρῆσιν
871 2286 1060 2368 Εὐπόλιδος
1081 2290 1221 2378 ταύτην·

59 2386 158 2460 ‘ill'
177 2386 291 2480 οἵσπερ
307 2394 407 2480 ἵππῳ
422 2418 481 2477 μοι
496 2391 670 2477 ἐπιβαλεῖς
687 2386 937 2480 τρυσίππειον’.
972 2394 1088 2461 Omnia
1103 2399 1220 2475 autem,

64 2517 153 2582 qnae
171 2517 213 2564 ex
227 2496 395 2564 Eustathio
417 2497 614 2583 transcripsi,
635 2496 679 2563 ad
694 2497 823 2564 Aelium
838 2495 1007 2563 referenda
1022 2515 1093 2563 esse
1111 2501 1222 2562 contra

64 2598 348 2682 Rindfleischium‚
379 2600 433 2683 qni
462 2600 532 2666 sola
560 2595 597 2674 ἐξ
624 2591 726 2664 αὐτοῦ
755 2597 958 2663 allactari.
981 2599 1118 2666 Aeliana
1149 2620 1220 2668 esse

19 2761 24 2769 .
66 2708 193 2787 censet,
227 2700 430 2768 statuendum
458 2707 506 2766 ost
536 2701 712 2766 secundnm
740 2700 891 2766 Photium
919 2720 943 2764 s.
959 2720 989 2762 u.
1010 2698 1170 2784 τρυτάνη·
1201 2696 1219 2765 ό

66 2799 163 2885 ζυγός
184 2809 217 2870 et
239 2823 264 2869 s.
279 2821 309 2867 u.
332 2799 455 2886 τρύμη·
478 2801 681 2884 πανοῦργος·
703 2791 957 2884 Ἀριστοφάνης.

155 2910 183 2970 7.-
213 2905 263 2970 Et.
278 2902 320 2969 M.
343 2923 374 2987 p.
392 2905 464 2986 322,
482 2905 536 2968 31:
571 2898 612 2966 ἐκ
639 2901 854 2983 κλίμακος·
890 2896 924 2966 ἐν
952 2911 1024 2976 τοῖς
1053 2911 1222 2984 γυμνικοῖς

54 2998 206 3092 ’άγῶσιν,
237 2999 344 3070 ὁπότε
369 3008 614 3092 χρονοτριβοῖεν
644 3003 678 3070 οἱ
699 3001 839 3083 πύκται,
869 2999 992 3085 κλίμαξ
1020 2999 1220 3090 εἰσεφέρετο,

65 3099 155 3174 ὥστε
178 3104 379 3183 διαστάντας
401 3108 457 3173 καὶ
476 3105 587 3194 χώραν
610 3104 773 3190 λαβόντας
795 3109 906 3188 μένειν
928 3102 961 3170 ἐν
980 3099 1092 3190 ταύτῃ,
1116 3103 1222 3170 ἵνεκεν

64 3213 127 3277 τού
141 3206 186 3296 μὴ
200 3202 417 3295 ὑφίστασθαι
432 3207 493 3285 τὰς
508 3212 694 3295 φερομένας
709 3205 840 3295 πληγάς
859 3208 1113 3290 περιτρέχοντας
1136 3197 1221 3270 ἀλλὰ

54 3316 229 3397 ’μένοντας
251 3307 309 3376 ἐπὶ
325 3307 443 3376 τούτου
468 3307 557 3394 [corr.
581 3311 614 3374 in
635 3312 695 3374 τοῦ
711 3302 824 3394 αὐτοῦ]
847 3311 888 3392 τῇ
909 3306 995 3391 ποιᾷ
1015 3307 1082 3369 τῶν
1101 3308 1222 3390 χειρῶν

67 3411 201 3481 ἐκτάσει
223 3409 466 3498 φυλάττεσθαι.
497 3407 531 3475 ἐκ
544 3411 604 3474 τοῦ
619 3409 802 3496 ῥητορικοῦ.
841 3408 991 3474 Atticista
1005 3407 1092 3492 apud
1107 3409 1221 3476 Eusta-

65 3513 172 3581 thium
192 3536 224 3599 p.
239 3517 331 3596 1324,
348 3517 388 3577 54
414 3512 495 3578 haec
518 3511 612 3577 docet
636 3506 728 3594 [Rdfl.
751 3503 905 3594 no.171]:
941 3558 998 3573 ...
1022 3501 1143 3573 ὁποῖον
1166 3510 1222 3573 καὶ

64 3617 314 3690 Παυσανίας
336 3613 465 3699 ἱστορεῖ
482 3613 585 3697 λέγων
600 3602 653 3677 ότι
676 3607 710 3675 ἐν
724 3621 797 3686 τοῖς
817 3621 986 3695 γυμνικοῖς
1009 3602 1142 3694 άγιύσιν,
1166 3601 1222 3675 ὅτε

63 3720 312 3804 χρονοτριβοῖεν
335 3715 367 3780 oi
389 3712 521 3794 πύκται,
547 3712 669 3795 κλίμαξ
689 3711 890 3800 εἰσεφέρετο,
913 3702 999 3777 ὥστε
1022 3707 1223 3788 διαστάντας

64 3818 125 3884 καὶ
148 3815 261 3902 χάραν
284 3813 447 3900 λαβόντας
477 3813 619 3892 ἐκείνους
649 3817 760 3898 μένειν
783 3811 817 3878 ἐν
839 3811 940 3898 ταύτῃ
965 3809 1070 3876 ἕνεκεν
1091 3812 1151 3876 τοῦ
1176 3810 1222 3899 μὴ

67 3922 317 4006 περιίστασθαι
342 3920 513 3983 τουτέστιν
542 3911 758 4004 ὑφίστασθαι
784 3912 845 3989 τὰς
874 3916 1060 4000 φερομένας
1092 3913 1224 4001 πληγάς

65 4023 325 4108 περιτρέχοντας
357 4012 442 4084 ἀλλὰ
474 4022 635 4104 μένοντας
668 4014 726 4081 ἐπὶ
754 4018 813 4081 τοῦ
843 4007 944 4080 αὐτοῦ
970 4016 1011 4101 τῇ
1039 4019 1125 4103 ποιᾷ
1157 4017 1223 4081 τῶν
