2856 4800
224 107 400 178 Quaestiones
418 109 451 163 de
467 107 546 163 Aelio
564 106 696 178 Dionysio
713 110 741 163 et
758 106 895 163 Pausania
912 106 1047 165 atticistlr.
1152 109 1212 171 211

63 274 268 348 Eustathium
284 301 302 347 e
317 281 478 348 Pausania
492 299 551 345 sua
568 278 723 346 hausisse.
758 278 911 349 Oonferas
933 287 1110 367 praetcrea,
1133 301 1216 365 quae

63 395 163 466 snpra
184 404 216 467 p.
231 384 292 445 196
308 387 340 447 et
354 383 413 444 201
440 381 584 463 exposui.

60 581 80 654 λ
106 590 136 648 5.
176 584 231 647 De
254 581 405 664 glossis
431 581 667 666 rhetoricis,
698 582 935 665 quibuscum
965 587 1217 653 conueniunt

56 683 286 749 atticistae
308 680 414 766 apud
432 682 704 764 Eustathium‚
728 681 896 749 Photius
918 682 983 749 uel
1006 682 1217 770 discrepat

495 785 563 850 uel
586 784 786 868 congruit.

156 921 182 982 1.
209 917 258 982 Et.
273 916 315 981 M.
335 938 367 1002 p.
381 919 518 1002 384,1o:
542 915 708 1006 έσχάρα·
727 911 868 997 Ἰλιάδος
885 919 912 986 κ’
926 915 1047 1007 (πυρὸς
1063 913 1214 1006 έσχάραι’

59 1005 141 1083 ἀντὶ
156 1019 216 1082 τοῦ
231 1021 346 1100 ποραέ,
369 1023 540 1104 πορκαῑαί.
555 1055 598 1066 -
617 1020 714 1105 δηλοῖ
734 1021 771 1087 δὲ
792 1019 812 1108 ἦ
837 1021 924 1100 λέξις
945 1024 1001 1089 καὶ
1023 1021 1082 1109 τὴν
1104 1020 1217 1088 ἑστίαν

57 1120 121 1185 καὶ
144 1116 202 1184 τὸν
224 1117 331 1205 ῥύπον
352 1120 407 1185 καλ
429 1117 467 1186 τὸ
491 1120 616 1188 novole
640 1120 731 1200 ἕλκος
752 1125 808 1190 καλ
829 1122 888 1190 τὸν
909 1123 1033 1208 βωμόν,
1062 1119 1109 1201 ὥς
1130 1116 1214 1209 παρ’

59 1213 232 1306 Εὐριπίδῃ
256 1218 290 1286 έν
302 1215 470 1308 Ἡρακλεῖ.
503 1224 558 1289 καὶ
573 1220 633 1310 τὴν
647 1229 768 1314 κυρίως
783 1227 959 1314 λεγομένην
974 1225 1116 1311 ἐσχάραν
1132 1228 1216 1313 φασὶ

58 1323 248 1389 καλεῖσθαι
271 1320 384 1388 ἕστέαν
406 1321 465 1409 τὴν
488 1322 532 1410 μὴ
560 1323 698 1407 ’έχοοσαν
720 1317 825 1411 ἕψος,
857 1319 933 1392 ἄλλ’
960 1325 1018 1393 ἐπὶ
1039 1331 1098 1415 γῆς
1127 1327 1219 1412 ἱδρο-

58 1428 168 1513 μένην
189 1413 210 1510 ἢ
231 1425 354 1512 κολλην.
388 1423 483 1511 παρὰ
505 1424 543 1492 τὸ
567 1428 621 1494 καὶ
644 1426 723 1506 τοὺς
746 1427 881 1516 ἰατροὺς
902 1428 945 1493 τά
968 1428 1001 1496 έν
1017 1432 1065 1514 τῷ
1087 1427 1220 1513 σώματι

58 1527 164 1593 κοῖλα
191 1525 265 1613 ἕλκη
296 1525 436 1611 ἐσχάρας
465 1529 587 1595 καλεῖν.
621 1529 786 1617 ῥητορική.
835 1531 981 1611 Quacum
1010 1534 1119 1616 glossa
1146 1532 1218 1599 rhe-

63 1630 173 1698 torica
194 1631 369 1696 contendas
389 1630 548 1697 Eustathii
571 1632 677 1699 locum
700 1655 731 1718 p.
744 1635 817 1717 815,
831 1637 880 1718 10,
926 1637 959 1701 ui
981 1635 1049 1700 fere
1070 1634 1113 1700 sd
1135 1634 1218 1701 litte·

63 1752 136 1799 ram
161 1733 269 1798 omnia
291 1731 439 1816 exhibet,
469 1752 552 1816 quae
574 1734 631 1800 illo
653 1735 869 1820 Etymologici
890 1736 932 1801 M.
955 1738 1027 1803 loco
1052 1737 1217 1820 leguntur:

68 1883 127 1900 ...
151 1829 189 1899 τὸ
207 1831 242 1897 δέ
261 1829 384 1917 έσχάρα
405 1831 489 1899 κατὰ
509 1831 587 1911 τοὺς
608 1834 776 1913 παλαιοὺς
798 1831 844 1913 οἷς
866 1830 1042 1921 ὁμώνυμον
1064 1842 1220 1926 σημαίνοι

67 1932 190 2001 πολλά.
223 1935 353 2019 λέγεται
372 1932 435 2020 γάρ
451 1927 537 2000 οὲτω
560 1938 615 2002 καὶ
638 1932 656 2002 ὃ
679 1937 803 2022 βωμός,
827 1933 873 2015 ὦς
895 1933 978 2025 παρ’
995 1933 1161 2026 Εὐριπίδῃ
1185 1937 1219 2005 ἐν

64 2030 240 2127 Ἡρακλέϊ·
264 2034 361 2122 δηλοῖ
375 2034 412 2100 δέ
426 2057 531 2123 φασιν
549 2030 569 2121 ἡ
587 2036 674 2114 λέξις
695 2040 749 2103 καὶ
772 2038 879 2124 ῥύπον
901 2043 956 2104 καὶ
978 2042 1104 2105 καοθὲν
1127 2040 1220 2116 ἕλκος

65 2141 122 2205 καὶ
144 2135 205 2225 τὴν
226 2141 346 2224 κυρίως
368 2136 404 2202 δὲ
428 2138 603 2223 λεγομένην
630 2137 772 2219 ἐσχάραν
799 2137 859 2222 τὴν
887 2137 932 2223 μὴ
964 2137 1102 2219 ἕχοοσαν
1131 2132 1220 2222 ὕψος

68 2233 144 2306 ἀλλ’
172 2237 232 2304 ἐπὶ
252 2241 311 2326 γῆς
334 2223 436 2304 οὖσαν
458 2227 480 2323 ἢ
501 2237 630 2325 κοίλην,
661 2228 745 2304 ὅθεν
767 2234 887 2302 καὶτὰ
911 2235 1098 2332 ἐνσώματι
1123 2240 1219 2305 κοῖλα

68 2341 144 2427 ἕλκη
168 2338 306 2422 ἐσχάραι
333 2337 489 2424 ἰατρικῶς
516 2339 703 2406 καλοῦνται.
739 2333 759 2426 ἡ
784 2338 820 2406 δὲ
842 2339 1002 2427 κωμῳδία
1024 2342 1079 2407 καὶ
1101 2339 1139 2407 τὸ
1162 2365 1220 2427 χο-

67 2454 212 2511 ναικεῖον
233 2440 353 2527 μόριον
370 2432 457 2506 olleo
474 2442 582 2510 καλεῖ.
619 2441 743 2521 Quibus
766 2445 956 2511 examinatis
978 2445 1110 2510 minime
1128 2445 1220 2511 dubi·

67 2547 170 2629 tabis,
204 2546 281 2629 quin
310 2544 496 2628 Etymologi
530 2549 562 2608 et
591 2541 751 2609 Eustathii
783 2545 911 2625 glossae
944 2544 986 2607 ad
1020 2563 1220 2610 communem

68 2648 190 2714 fontem
211 2645 414 2713 reuocandas
436 2646 508 2710 sint.
552 2643 659 2727 Atque
681 2642 765 2709 hunc
787 2643 906 2709 fontem
934 2644 1032 2709 fuisse
1061 2645 1220 2712 atticistae

68 2750 252 2817 alterutrius
280 2746 409 2812 lexicon
437 2744 631 2812 rhetoricum
659 2744 796 2811 formula
826 2741 911 2808 κατὰ
943 2742 1022 2821 τοὺς
1054 2745 1221 2825 παλαιούς

69 2851 282 2936 cognoscitur,
306 2847 392 2932 quod
406 2855 628 2932 argumentum
647 2848 759 2933 paucis
782 2847 980 2932 significasse
1003 2852 1081 2917 satis
1104 2851 1219 2938 habeo,

69 2972 143 3019 cunr
170 2951 293 3033 Freyer
319 2951 352 3014 in
381 2950 614 3019 dissertationis
645 2951 799 3036 epimetro
828 2950 869 3017 de
897 2951 983 3018 Aelii
1009 2952 1159 3035 Dionysii
1189 2959 1222 3019 et

67 3054 252 3121 Pausaniae
279 3053 489 3119 atticistarum
519 3052 663 3118 formulis
693 3051 907 3130 circuisset,
937 3047 1032 3134 παρὰ
1053 3063 1124 3126 τοῖς
1152 3074 1220 3115 πα-

68 3156 197 3233 λαιοῖς,
228 3149 312 3217 κατὰ
334 3151 412 3228 τοὺς
434 3151 600 3227 παλαιούς
629 3155 759 3238 copiose
781 3155 905 3218 locutus
927 3153 970 3218 sit
991 3157 1023 3218 ct
1046 3153 1221 3222 ostenderit

67 3263 241 3338 utrumque
262 3255 435 3322 atticistam
464 3254 529 3320 illis
551 3273 644 3319 usum
667 3271 738 3320 esse
752 3253 791 3336 ¹),
822 3254 1047 3341 quamobrem,
1076 3262 1111 3323 ut
1133 3259 1221 3341 equi·

162 3425 186 3487 1)
204 3421 245 3478 cf.
265 3421 411 3490 Freyerum
428 3437 456 3490 p.
469 3423 518 3473 373
537 3419 681 3474 dicentem:
699 3415 717 3474 ¹.
731 3460 759 3475 ..
777 3419 845 3474 nihil
857 3419 917 3477 dico
929 3421 982 3477 nisi
997 3422 1059 3487 hoo,
1076 3422 1149 3476 hanc
1165 3420 1221 3477 sor-

67 3505 173 3565 mulam
190 3505 264 3576 apud
282 3505 416 3560 atticistas
434 3504 502 3558 adeo
521 3504 649 3560 usitatam
666 3519 740 3570 esse,
758 3509 789 3560 ut
805 3505 857 3561 hac
874 3505 990 3562 formula
1007 3510 1135 3573 tanquam
1153 3504 1222 3561 duce

68 3592 108 3649 ad
119 3590 352 3660 redintegrandam
365 3588 544 3644 atticistarum
556 3588 706 3644 doctrinam
722 3589 762 3645 uti
773 3591 908 3660 possimus
927 3632 932 3643 .
947 3630 954 3642 .
969 3585 983 3643 .’
1004 3594 1031 3643 et
1047 3604 1074 3657 p.
1086 3591 1136 3642 344
1145 3589 1220 3647 adn:

68 3672 88 3734 ⁸.
103 3718 132 3732 ..
152 3675 232 3732 Unde
255 3675 320 3730 licet
343 3674 466 3728 conicere
486 3673 540 3728 iam
564 3673 707 3745 Didymnm
729 3674 803 3729 illam
825 3674 967 3728 formulam
988 3673 1062 3741 apud
1087 3675 1221 3730 atticistas

69 3761 276 3820 udausumsm
289 3758 463 3815 adhibuisse.
478 3801 484 3814 .
498 3752 526 3815 .'.
555 3759 656 3814 Contra
666 3758 737 3813 hanc
749 3758 860 3829 Freyeri
877 3758 1037 3814 sententiam
1053 3775 1140 3830 nuper
1151 3761 1222 3816 Leo·

69 3847 171 3920 poldus
188 3846 265 3904 Cohn
282 3844 389 3910 [Philol.
399 3845 467 3900 Ana.
485 3843 546 3902 XV.
564 3860 591 3914 p.
603 3846 644 3908 51]
662 3843 793 3911 pugnauit
810 3849 969 3910 argumenta
986 3843 1098 3917 Freyeri
1115 3846 1222 3912 singula
