2812 4822
212 312 272 371 198
656 308 790 364 chricus
807 308 919 378 Heyden

210 489 241 549 et
256 482 481 565 Etymologum
494 480 604 556 (λιταί)
619 499 728 546 omnes
744 499 786 545 ex
801 479 916 547 eodem
932 479 1092 546 communi
1102 479 1188 547 fonte
1200 480 1361 563 hausisse,

209 585 292 650 alios
321 589 429 649 autem
459 583 524 648 alia
554 583 763 666 excerpsisse.
807 583 890 648 Nam
912 580 975 648 hoc
996 583 1179 665 Boysenum
1208 583 1361 664 cuiquam

209 686 408 770 persuasisse
438 685 493 750 uir
516 683 751 767 contenderim,
782 683 1020 767 supplementa,
1047 703 1130 766 quae
1152 691 1258 767 uocat,
1280 684 1360 769 Ety-

208 788 371 870 mologum
386 786 427 851 Μ.
443 786 571 868 glossae
593 783 772 852 rhetoricae
796 805 838 851 ex
852 785 1075 869 Etymologico
1091 784 1173 851 Gud.
1191 792 1223 852 et
1239 784 1361 854 Orione

208 889 398 972 deprompta
412 886 594 970 inseruisse,
611 887 725 969 quibus
740 888 819 971 ipsis
835 887 1045 970 Etymologus
1057 887 1098 952 M.
1110 888 1243 970 insuper
1257 889 1363 954 multo

206 990 335 1056 uberior
359 995 415 1056 est.

293 1091 409 1158 Glossa
432 1093 572 1176 optimae
595 1092 695 1175 frugis
719 1097 767 1156 cst
781 1089 888 1156 Photii
911 1090 952 1155 de
975 1109 1055 1156 noce
1069 1081 1200 1175 ἤλυσις·
1223 1095 1363 1176 πορεία,

206 1213 343 1275 quacum
355 1194 500 1259 conferas
512 1193 632 1258 Suidae
647 1193 886 1258 adnotationem
901 1184 923 1275 ἢ
930 1190 1023 1256 λοσι
1029 1210 1059 1266 ς·
1077 1188 1213 1266 ἐ’λεοσις.
1231 1185 1362 1278 ἄφιξις.

205 1291 339 1379 ἐ’φοδος.
362 1298 485 1378 πορεία
501 1302 532 1360 et
548 1293 703 1377 Hesychii
717 1286 880 1377 ἤλυσις·
904 1289 1041 1368 ἐ’λιυσις.
1064 1298 1196 1377 πορεία.
1220 1290 1364 1369 σύνοδος

206 1404 239 1463 et
261 1397 443 1481 Etymologi
465 1396 507 1461 M.
529 1418 561 1481 p.
586 1399 693 1479 341,5
721 1397 776 1460 καὶ
804 1388 967 1481 ἤλυσιν,
996 1390 1055 1479 τὴν
1085 1392 1224 1461 ἕλιυσιν.
1270 1394 1365 1474 Quas

205 1500 330 1582 glossas
359 1506 392 1566 et
412 1498 595 1583 Hesychius
624 1504 655 1564 et
676 1497 810 1565 Photius
833 1504 865 1563 et
887 1497 1096 1582 Etymologus
1124 1504 1155 1563 et
1177 1497 1299 1565 Suidas
1324 1498 1359 1562 in

206 1620 305 1684 opera
334 1602 562 1667 transtulerunt
590 1619 631 1666 ex
660 1600 731 1685 ipso
759 1600 845 1664 fonte
873 1600 1020 1681 antiquo,
1051 1600 1105 1682 qui
1133 1600 1200 1666 fere
1229 1601 1364 1684 integer

203 1703 381 1768 restituitur
403 1704 512 1786 glossa
534 1701 656 1768 Suidae
679 1702 847 1768 coniuncta
869 1720 941 1766 cum
955 1700 1114 1784 Hesychii
1132 1691 1299 1776 ‘revocor’
1328 1708 1365 1767 et

99 1867 100 1871 ,
204 1803 389 1890 Etymologi
404 1805 446 1870 M.
469 1804 579 1888 glossa
601 1809 761 1870 extrema:
782 1798 954 1883 Αἰσχύλος
970 1798 1003 1866 ἐν
1018 1794 1198 1888 Ἀργείοις·
1217 1793 1362 1867 ’Κοντο-

205 1904 278 1983 νεός
299 1930 364 1989 μου
386 1906 625 1971 καταλείπεται
648 1904 782 1981 λοιποῖς
805 1896 983 1990 ἆκέραυνος
998 1895 1149 1989 ἆροόρων
1165 1901 1361 1992 ἒντηλυσίαιν

204 1999 392 2074 acclama.
416 2007 449 2072 οἱ
472 2007 518 2088 δέ,
541 2005 583 2071 τὰ
606 2008 895 2093 κατασκηφθέντα.
920 1997 1025 2082 οὕτως
1047 2003 1095 2081 εἰς
1116 2003 1154 2071 τό
1170 2003 1358 2093 ῥητορικόν.

202 2111 316 2194 Itaque
345 2112 461 2176 iterum
490 2117 586 2192 atque
614 2111 729 2175 iterum
757 2107 827 2175 lieri
848 2128 913 2174 non
933 2113 1056 2191 potest,
1083 2113 1119 2174 ut
1140 2109 1360 2192 Etymologus

202 2214 340 2278 formula
362 2209 410 2287 εἷς
431 2208 469 2276 τό
494 2207 667 2296 ῥητορικόν
688 2209 797 2277 Photii
818 2210 946 2276 lexicon
968 2209 1113 2293 intellegi
1135 2211 1225 2276 uelit.

287 2313 337 2379 let.
360 2314 402 2379 M.
426 2334 457 2397 p.
476 2315 582 2395 teos
606 2307 824 2397 φαινόλης·
851 2307 970 2389 χιτών·
994 2308 1027 2374 οἱ
1049 2308 1085 2373 δὲ
1108 2310 1250 2376 παλαιοὶ
1273 2307 1360 2395 ἐφε-

201 2413 330 2500 στρίδα.
354 2407 400 2490 ῶς
421 2411 476 2478 τό·
496 2407 567 2478 (καὶ
587 2409 646 2478 τόν
669 2409 833 2498 φαινόλην
855 2402 1121 2477 ἇνιοδόσασθαό.
1143 2414 1298 2477 τουτέστι
1314 2410 1357 2478 τό

202 2514 346 2600 ἱμάτιον.
370 2511 464 2597 παρὰ
479 2511 517 2580 τό
534 2516 723 2601 φαίνεσθαι
738 2504 826 2579 όλον.
849 2510 1015 2600 ῥητορική.
1030 2549 1071 2558 -
1093 2514 1203 2581 Naber
1217 2521 1250 2581 et
1266 2515 1358 2600 Boy·

201 2639 259 2686 sen
288 2623 463 2685 statuentes
491 2623 599 2683 notam
628 2613 781 2702 ῥητορική
811 2613 991 2699 significare
1020 2612 1210 2701 συναγωγήν
1233 2615 1358 2701 Photii‚

200 2721 235 2786 in
256 2720 420 2801 angustias
442 2738 576 2801 magnas
599 2718 808 2783 adducuntur.
853 2717 966 2800 Neque
990 2718 1074 2782 enim
1097 2717 1198 2783 verba
1219 2718 1357 2802 Etyma-

199 2822 267 2904 logi
289 2821 348 2903 M,
376 2820 491 2902 quibus
514 2819 650 2884 formula
672 2819 853 2902 subscripta
875 2825 939 2900 est,
962 2823 1035 2884 sunt
1057 2817 1175 2901 Photii‚
1200 2820 1256 2901 qui
1280 2839 1357 2886 cum

200 2922 278 2988 solis
301 2921 409 2986 uerbis
423 2920 584 3003 prioribus
599 2919 784 3002 Etymologi
798 2918 840 2983 M.
858 2915 983 3003 ίχιτών·
1008 2915 1041 2982 οἱ
1057 2916 1092 2982 δὲ
1107 2917 1188 2982 παλ.
1206 2914 1356 3005 ἒφεστρ.]

201 3023 373 3106 conspirat,
397 3021 454 3087 sed
476 3021 661 3105 Etymologi
684 3019 767 3095 Gud.
799 3021 963 3104 Leguntur
986 3020 1070 3086 enim
1093 3022 1127 3085 in
1149 3021 1236 3088 illius
1251 3021 1355 3089 lexici

200 3146 233 3209 p.
258 3128 329 3206 547,
347 3127 386 3212 50
410 3122 507 3188 haec:
537 3119 754 3208 φαινόλην·
779 3115 839 3197 ῶς·
860 3115 929 3186 ‘nal
951 3117 1010 3186 τὸν
1033 3118 1197 3208 φαινόλην
1220 3112 1356 3187 ἇσοόό·

200 3216 353 3292 σασθαί·
375 3226 527 3289 τουτέστι
549 3220 586 3288 τό
612 3220 760 3305 ἱμάτιον·
783 3220 877 3308 παρὰ
899 3219 936 3287 τό
961 3225 1149 3308 φαίνεσθαι
1171 3212 1251 3288 όλον
1266 3230 1354 3311 cett,

289 3464 312 3525 l)
328 3458 448 3512 Exstant
464 3457 492 3510 in
506 3456 552 3510 Et.
565 3455 634 3510 Gud.
653 3454 707 3510 duo
720 3454 834 3523 articuli,
852 3472 879 3524 p.
892 3459 949 3523 212,
960 3459 1004 3509 24:
1023 3453 1115 3524 λσμόσ·
1132 3461 1229 3526 κυρίοις
1241 3459 1290 3511 λιτὶ
1301 3459 1352 3511 τοῦ

197 3545 314 3613 σμήνους
331 3544 390 3596 τῶν
407 3539 552 3609 μελισσῶν.
570 3544 615 3591 καὶ
633 3539 665 3593 τὸ
683 3538 734 3606 τὴν
756 3542 823 3606 ὅσην
840 3536 907 3607 ὁμοῦ
924 3544 1014 3593 ποιεῖν
1030 3537 1129 3607 καὶμὴ
1147 3537 1289 3595 διιστάναι
1303 3537 1351 3596 ἀπ’

196 3626 337 3696 ἀλλήλοιν·
356 3623 399 3679 διὸ
417 3631 463 3677 καὶ
476 3620 590 3695 ’Όμηρος
607 3620 772 3692 ’μελισσάων
790 3621 922 3677 ἄδινόοιν’
943 3625 985 3689 [Il.
1003 3625 1035 3679 B.
1050 3628 1099 3689 87],
1118 3623 1194 3696 παρὰ
1210 3623 1243 3679 τό
1262 3623 1353 3695 ἄὸὃην

195 3719 242 3767 καὶ
265 3711 299 3766 τό
321 3708 434 3781 ἀθρόαις
456 3709 599 3764 aaronem
622 3705 748 3779 ἇμυληστὶ
773 3705 877 3761 διὸκαὶ
895 3706 1031 3780 βοτρυδόν
1049 3706 1238 3764 δὲπέτσνται.
1267 3732 1351 3765 κατα-

196 3798 350 3875 χρηστικῶς
363 3793 393 3848 δὲ
410 3793 443 3849 τό
461 3793 577 3859 πλῆθος.
601 3791 683 3860 ἑσμόι
700 3790 730 3846 δὲ
747 3789 800 3846 ὑπὸ
823 3799 1002 3866 Ταναγραίων
1019 3799 1064 3846 καὶ
1082 3791 1099 3860 ἦ
1115 3798 1245 3864 γεννῶσα
1262 3795 1352 3850 καλεῖ-

196 3903 243 3937 ται
261 3887 288 3936 et
310 3879 409 3936 ibidem
426 3880 498 3933 linea
517 3883 562 3932 31:
580 3876 674 3946 copta·
696 3876 729 3930 τὸ
752 3876 859 3944 πλῆθος
881 3881 940 3932 τῶν
956 3879 1057 3946 μυιῶν,
1081 3877 1156 3949 παρὰ
1174 3878 1208 3934 τὸ
1226 3881 1351 3936 ἔπεσθαι

195 3964 322 4033 ἀλλήλους
333 3961 349 4031 ἢ
361 3963 436 4035 παρὰ
448 3963 499 4029 τὴν
510 3967 584 4029 ὅσην,
603 3961 639 4015 uis
650 3963 758 4030 τίθημι,
777 3961 867 4030 θήσω,
886 3960 997 4032 θεσμός,
1015 3960 1116 4033 δίδημι,
1135 3961 1221 4034 δήσω,
1234 3963 1352 4036 δησμόσ·

195 4048 282 4104 οὕτως
299 4049 364 4115 ἴημι,
381 4041 448 4114 ἦσαν,
465 4047 552 4113 lupos.
