2856 4800
138 286 203 347 210
583 261 847 354 Henricesfleyden

138 458 258 544 χειρῶν
281 452 412 522 ἐκτάσει
435 451 677 542 φυλάττεσθαι.
714 455 770 520 καί
793 451 921 537 ἐλέγετο
943 453 1059 518 τοῦτο·
1083 449 1124 518 ἐκ
1146 453 1275 536 κλίμα·
1317 458 1327 521 Ξῖ

141 583 209 636 κος
231 554 636 644 παροιμιαζόμενονῖσαις
651 554 790 622 ἐπὶτῶν
808 553 842 620 έκ
861 558 1076 642 προμηθείας
1097 553 1189 632 τινὸς
1210 555 1276 637 λαμ·
1317 580 1325 622 ι

141 659 312 744 βαυόνταιν
335 656 369 723 έν
391 656 511 735 πόνοις
533 651 657 724 δνεσιν.

230 763 337 828 eat
352 762 393 827 Μ.
416 763 604 846 p.‚41229:
630 758 870 845 ζύγαστρον·
892 754 931 823 τὸ
954 754 1121 840 κιβώτιον,
1144 747 1277 874 ὥςφησι
1315 770 1319 827 ι’

142 861 314 949 Σοφοκλῆς
333 857 448 947 (κοίλη)
464 852 660 948 ζυγάστρφῖ
694 885 752 946 κυρ
755 853 854 945 ίιοςὴ
880 857 991 944 ξυλίνη
1008 855 1124 944 σορός·
1147 853 1276 943 παρὰτδ
1313 883 1326 925 ι

143 961 332 1046 ένεζεῦχδαι
360 966 416 1029 καὶ
445 961 644 1029 ἐνδεδέσθαι
666 956 827 1049 ἀλλήλαις
853 957 915 1037 τὰς
938 958 1077 1036 σανίδας
1106 955 1189 1044 [eod.
1210 959 1279 1026 Fla.

141 1088 172 1151 p.
188 1071 245 1131 141
264 1066 371 1132 addit:
395 1052 526 1149 ἢπαρολ
548 1061 586 1127 τδ
611 1060 799 1148 ἐζυγῶσδαι
820 1059 881 1138 τὰς
904 1058 1064 1147 σανίδαςλ.
1098 1058 1193 1147 παρὰ
1211 1058 1280 1124 Δελ-

143 1179 222 1252 φοῖς
251 1164 287 1230 δὲ
317 1163 495 1249 ζύγαστρον
521 1164 671 1230 καλεῖται
696 1163 733 1230 τδ
757 1160 1106 1251 γραμματοφυλάκιον.
1145 1155 1279 1249 ῥητορικὴ
1325 1190 1327 1235 3

142 1263 284 1350 ἡλίξις.
329 1266 423 1331 Hane
451 1267 593 1349 glossam
618 1267 828 1352 Etymologus
857 1267 1078 1335 ePausaniae
1106 1265 1214 1331 lexico
1238 1262 1280 1328 de·
1325 1252 1327 1259 ⁴

142 1366 312 1453 prompsit,
336 1386 431 1450 quem
453 1367 530 1433 uide
553 1367 639 1453 apud
654 1368 857 1436 Eusiathium
879 1389 910 1452 p.
924 1369 1028 1451 956,4
1053 1361 1146 1451 [Rdfl.
1168 1386 1218 1433 no.
1233 1366 1280 1428 iiii

144 1474 176 1535 et
190 1463 280 1553 208]:
312 1517 370 1533 ...
394 1464 466 1533 ἔστι
488 1471 543 1533 καὶ
566 1468 748 1535 σανδαλίου
772 1466 865 1553 ζυγὸς
886 1463 970 1533 κατὰ
991 1470 1234 1532 Παυσανίαν
1253 1459 1281 1529 τδ

143 1573 278 1650 συνέχον
300 1566 378 1644 τοὺς
400 1567 595 1647 δακτύλους·
619 1572 675 1636 καὶ
697 1572 840 1654 κιβωτοῦ
862 1569 908 1650 δέ,
932 1564 978 1646 ὥς
1001 1567 1098 1655 δηλοῖ
1118 1566 1157 1634 τὸ
1183 1564 1282 1652 ζύγα-

144 1691 267 1756 στρον
289 1663 309 1754 ἡ
335 1669 445 1757 ξυλίνη
463 1668 563 1756 σορὸς
585 1668 680 1757 παρὰ
702 1669 740 1737 τὸ
758 1668 948 1757 ἒζυγῶσθαι
970 1667 1058 1736 οίον·
1080 1670 1182 1755 κοίλῳ
1204 1663 1283 1754 ζυγά·

145 1792 234 1856 στρῳ
257 1818 291 1836 ..
308 1820 316 1836 .
332 1775 531 1850 Παυσανίας
547 1772 583 1839 δέ
598 1766 685 1840 οὕτω
701 1778 801 1861 φησί·
826 1772 960 1859 ζυγώσω
984 1763 1060 1837 ἆντί
1080 1773 1140 1837 τοῦ
1157 1767 1282 1846 καθέξω,

145 1870 296 1955 δαμάσω.
335 1873 459 1941 (iuncta
480 1876 577 1960 igitur
598 1896 704 1960 neque
725 1877 804 1957 sela,
827 1893 910 1957 quae
925 1873 1122 1941 Rindfleiseh
1138 1873 1160 1940 1.
1173 1895 1200 1941 e.
1215 1879 1282 1939 tra·

137 1975 487 2058 .seripsit,tPausaniae
506 1977 663 2043 debentur
679 1977 752 2042 coll.
768 1976 856 2042 Eust.
872 1979 1073 2061 p1604,14:
1097 1973 1136 2045 οἱ
1159 1973 1200 2040 δὲ
1221 1995 1283 2036 πα·

142 2073 295 2152 λαιοίί)
322 2095 408 2161 φασι
430 2079 486 2143 καὶ
508 2068 563 2142 ὅτι
585 2075 765 2198 ζύγαστρον
786 2070 806 2164 ἦ
829 2075 981 2160 κιβωτός.
1017 2101 1058 2141 κα
1062 2065 1281 2161 ίζυγῶσαι
1254 2093 1282 2135 τι

144 2195 363 2261 συναρμοσαι.
401 2180 456 2244 καὶ
477 2191 586 2245 κεῖται
612 2173 632 2265 ἡ
662 2176 840 2265 ζυγάστρου
870 2176 957 2255 λέξις
985 2180 1041 2243 καὶ
1070 2174 1165 2264 παρὰ
1187 2170 1327 2261 Λυκό·Ῑ

137 2299 257 2364 φρουι.
293 2275 400 2364 ἕτεροι
421 2279 457 2345 δέ
473 2301 587 2367 φασιν,
611 2272 665 2348 ὅτι
688 2279 799 2369 ξυλίνη
823 2276 923 2366 σορὸς
945 2276 982 2344 τὸ
1007 2277 1187 2366 ζύγαστρον
1207 2271 1285 2363 παρὰ
1325 2270 1327 2355 ζ

142 2376 180 2444 τὸ
213 2376 402 2466 εζυγῶοδαι
431 2389 464 2449 et
492 2384 774 2453 0011.Ph0t.su
800 2380 933 2466 ζυγός
963 2383 1024 2447 τοῦ
1053 2381 1231 2448 σανδαλίοο
1255 2372 1327 2443 τό

143 2484 277 2561 συνέχον
291 2506 369 2559 τους
392 2481 627 2560 δακτύλουςελ
613 2493 672 2553 s.
688 2507 719 2552 u.
737 2483 979 2569 ζύγαστρον·
1002 2482 1159 2567 κιβωτός·
1182 2486 1286 2568 κυρίως

142 2579 179 2645 δὲ
205 2578 224 2667 ἡ
256 2580 367 2669 ξυλίνη
398 2583 514 2672 σορός·
549 2583 644 2670 παρὰ
672 2581 711 2649 τὸ
742 2582 947 2668 ἐζυγιῦσδαι·
982 2576 1086 2663 οὕτως
1115 2577 1286 2672 Εὐριπίδης

144 2677 296 2768 [corrigas
321 2686 355 2752 in
377 2684 578 2773 Σοφοκλῆς]·
602 2684 696 2779 παρὰ
718 2687 869 2774 Δελφοῖς
892 2686 928 2751 δὲ
951 2683 1130 2772 ζύγαστρον
1152 2688 1288 2753 καλεῖται

142 2781 180 2850 τὸ
197 2786 548 2874 γραμματοφυλάκιον.
586 2790 702 2858 Procul
719 2798 826 2857 autem
842 2790 941 2856 dubio
958 2790 1139 2856 Pausaniae
1162 2810 1203 2856 ea
1224 2807 1288 2873 quo·

143 2905 206 2968 que
229 2887 338 2953 danda
360 2896 449 2973 sunt,
481 2910 565 2974 quae
588 2890 675 2975 apud
696 2891 900 2958 Eusiathium
924 2890 1118 2957 antecedunt
1147 2912 1180 2975 p.
1197 2889 1287 2973 956‚1

142 2985 335 3054 deuotione
358 2992 447 3057 noeis
472 2987 606 3076 ζυγός·
631 2988 740 3055 ἰστέον
756 2990 791 3055 δὲ
807 2986 853 3068 ὥς
869 2991 1048 3072 πολλαχῶς
1071 2986 1089 3057 δ
1110 2989 1214 3076 ζυγός.
1248 2981 1290 3055 διὸ

142 3088 254 3157 καὶτὰ
272 3082 334 3154 ἄπ’
352 3083 453 3156 αὐτοῦ
469 3090 634 3179 διάφορα·
660 3088 753 3177 ζυγὸς
774 3089 837 3175 γὰρ
859 3091 987 3172 ἵππων,
1011 3083 1096 3158 δ’δευ
1118 3097 1175 3159 καὶ
1193 3092 1293 3166 ἵππος

143 3191 266 3278 ζύγιος,
295 3189 390 3278 ζυγὸς
410 3194 501 3276 βοοῖν
523 3195 579 3258 καὶ
601 3190 762 3258 τοιούτων
783 3193 899 3273 τινιῦν,
929 3184 991 3279 ἀφ’
1018 3187 1056 3259 οὗ
1077 3197 1248 3280 τροπικῶς
1268 3189 1295 3258 οἱ

143 3290 301 3379 δμόζυγοι
322 3296 378 3361 καὶ
400 3291 438 3360 τὸ
464 3292 632 3380 διαζύγιου
658 3297 715 3360 καὶ
742 3291 780 3360 τὸ
810 3292 1018 3379 ζυγομαχεῖν,
1046 3287 1065 3361 δ’
1088 3293 1179 3363 ἐστιν
1208 3289 1296 3365 ἄντε-

143 3394 261 3479 ρίζειν·
290 3394 385 3480 ζυγὸς
407 3393 466 3461 ἐπὶ
489 3398 646 3479 σταθμοῦ
652 3448 661 3477 ,
684 3387 767 3461 καθ’
793 3393 830 3461 δν
855 3395 1128 3482 ζυγοστατοῦντες
1151 3399 1298 3484 λέγονται

145 3489 271 3562 ἀδικεῖν
291 3520 381 3572 τινες
404 3495 438 3562 ἒν
461 3495 583 3582 ζυγοῖς
614 3495 707 3583 ζυγὸς
730 3496 789 3563 ἐπί
812 3496 905 3586 νηός,
933 3496 969 3576 ἐξ
990 3491 1030 3564 οὗ
1053 3498 1159 3587 ζύγιοι
1181 3498 1298 3586 ἐρέται.

144 3599 299 3668 Conferas
322 3597 473 3665 Photium
496 3621 520 3666 s.
537 3622 567 3667 ιι.
586 3598 760 3686 ζυγομαχεῖ
782 3607 814 3667 et
837 3598 941 3686 ζύγιοι
964 3599 1083 3688 ἐρέται,
1110 3605 1165 3687 qui
1187 3605 1298 3671 Eusta-

144 3701 214 3768 thio
236 3701 366 3767 uberior
389 3707 445 3767 est.
469 3700 629 3780 -Quod
654 3709 762 3769 autem
791 3702 834 3768 ad
864 3705 1112 3788 explicationem
1135 3707 1225 3773 uocis
1249 3701 1301 3784 ζύ-

143 3822 287 3886 γαστρον
317 3803 449 3886 αίιίιιολ,
483 3803 518 3868 id
548 3809 672 3871 constat
705 3810 737 3870 et
766 3802 916 3870 Photium
948 3812 979 3872 et
1007 3807 1236 3892 Etymologum
1270 3813 1303 3875 ei

143 3945 347 3956 ,...-*...-

230 4021 254 4084 η
272 4015 312 4072 σῖ.
330 4033 357 4086 p.
370 4022 417 4073 ιιι
429 4018 491 4075 ιιι.
