2856 4800
219 320 396 388 Quaestiones
414 320 448 374 de
465 319 541 374 Ache
559 319 689 388 Dionysio
708 325 735 374 et
752 319 889 374 Pausania
905 319 1040 376 atticistls.
1145 321 1206 380 175

101 492 163 575 „dc
186 493 279 557 Aelio
303 493 460 575 Dionysio
482 492 524 556 ab
544 491 737 574 Etymologo
759 491 801 555 M.
817 492 948 559 laudato
971 499 1003 558 et
1025 491 1066 557 de
1088 492 1204 574 glossis

101 593 299 677 „rhetoricis
319 594 506 675 quibuscum
522 593 619 675 plane
634 593 784 658 conuenit
798 593 948 658 alteruter
963 594 1102 659 atticista
1116 592 1206 675 apud

100 690 355 778 „Eustathium“,

187 794 304 860 deinde
327 798 406 870 §ba

102 895 165 978 „de
187 896 304 978 glossis
319 894 497 979 rhetoricis,
522 896 710 977 quibuscum
728 897 919 971 conueniunt
934 896 1093 961 atticistae
1115 896 1202 979 apud

103 996 336 1081 „Eustathium
360 996 494 1062 Photius
517 998 570 1062 uel
592 997 754 1080 discrepat
776 996 828 1062 uel
851 992 1036 1079 congruit“;

186 1098 260 1163 dein
283 1102 361 1174 §bt

101 1200 162 1281 „de
182 1201 300 1282 ‘glossis
314 1198 491 1283 rhetoricis,
516 1200 705 1282 quibuscum
721 1201 922 1266 consentiunt
936 1199 1096 1265 atticistae
1112 1197 1198 1281 apud

99 1301 337 1384 „Eustathium
367 1308 450 1384 quae
479 1302 610 1385 quidem
640 1322 750 1367 omues
779 1300 867 1384 apud
896 1300 1047 1367 Photium
1077 1299 1203 1366 deside-

99 1399 259 1485 „rautur“,

185 1511 252 1568 tum
273 1507 351 1579 §7.:

100 1605 163 1688 „de
192 1605 307 1687 glossis
337 1604 519 1686 rhetoricis,
550 1605 737 1686 quibuscum
762 1605 932 1671 concinunt
952 1601 1203 1686 lexicographus

100 1704 336 1788 ,‚Bachmanni,
367 1707 455 1771 cuius
484 1706 613 1771 lexicon
635 1705 784 1771 Photium
806 1707 839 1771 in
861 1726 953 1772 usum
976 1724 1109 1771 uocasse
1133 1723 1204 1769 cum

100 1808 270 1890 „Boyseno
300 1802 331 1890 [l.
349 1827 375 1872 c.
397 1828 429 1890 p.
447 1803 498 1891 34]
522 1808 703 1889 consentio,
733 1814 764 1872 et
787 1806 920 1873 Photius
950 1814 981 1872 ct
1004 1805 1121 1871 Suidas
1148 1806 1207 1870 alii

99 1904 273 1993 ,‚[Hesych.
290 1914 322 1974 et
344 1909 497 1991 lexicogr.
514 1909 551 1972 V.
567 1904 684 1992 Reus]
708 1944 749 1954 -
772 1907 887 1974 desunt
910 1903 1089 1973 atticistae“
1112 1940 1162 1970 —.

185 2009 307 2087 Quibus
330 2009 450 2075 addam
473 2000 558 2085 §Sa

101 2114 246 2194 „glossas
261 2111 447 2192 rhetoricas,
464 2112 496 2175 in
513 2112 628 2193 qulbus
641 2113 833 2177 conueniunt
844 2111 961 2178 Suidas
973 2113 1029 2177 alii
1042 2108 1204 2197 [Hesych.‚

100 2214 275 2296 „lexicogr
293 2213 329 2277 V.
353 2212 458 2277 Bckk.
478 2218 509 2277 et
531 2209 675 2293 Bachm.]
703 2219 831 2295 practer
852 2213 1140 2296 Harpocrationem
1163 2249 1205 2259 —

99 2313 305 2397 „Eustalhius
335 2319 367 2377 et
389 2311 522 2378 Photius
551 2309 698 2394 desunt“,
727 2319 758 2377 et
787 2313 930 2378 eiusdem
953 2316 1148 2400 paragraphi
1172 2321 1204 2384 in

101 2420 213 2498 „parte
236 2414 338 2478 altera
359 2413 484 2496 glossas
499 2412 683 2494 rhetoricas,
707 2413 821 2495 quibus
836 2414 1016 2497 persimiles
1035 2424 1108 2483 suut
1122 2419 1204 2485 Har-

101 2515 316 2598 „pocrationis
345 2515 487 2590 articuli,
517 2534 597 2596 quos
626 2514 757 2596 quidem
786 2514 870 2581 hunc
896 2520 1137 2599 grammaticum
1162 2541 1204 2587 ex

101 2618 243 2702 „fontect
264 2617 366 2700 ipsius
381 2622 413 2681 ct
428 2617 637 2682 atticistarum
654 2619 813 2683 communi
829 2616 1037 2702 descripsisse
1053 2621 1174 2705 Freyer
1182 2625 1202 2699 ¹)

99 2719 306 2802 „palamfecit
332 2751 374 2762 -
403 2719 596 2782 conueniunt
618 2717 735 2784 Suidas
764 2719 821 2783 alii
849 2725 977 2801 praeter
999 2721 1201 2786 Eustathium

97 2815 164 2903 „let
184 2814 377 2902 Photium]“.

182 2920 349 2986 Postremo
372 2921 435 2994 §a
459 2920 668 2985 enumerabo:

98 3022 199 3105 „XIII
220 3021 345 3104 glossas
367 3018 553 3103 rhetoricas,
577 3022 765 3104 quibuscum
790 3024 936 3105 congruit
951 3030 1006 3088 aut
1020 3044 1101 3090 unus
1117 3024 1201 3092 Pho-

97 3125 182 3208 „tius
204 3129 259 3189 aut
281 3121 464 3206 Hesychius
486 3123 539 3188 uel
562 3122 736 3189 scholiasta
757 3123 982 3207 Aristophanis
1005 3126 1059 3190 uel
1080 3126 1202 3193 lexico·

97 3225 260 3310 „graphus
288 3224 420 3290 Bachm.
451 3230 484 3290 et
510 3224 644 3291 Photius
673 3260 714 3270 -
744 3223 845 3290 Suida
868 3232 1003 3309 excepto
1027 3261 1084 3308 -,
1113 3228 1201 3309 VIII,

55 3459 172 3526 spatium
194 3451 369 3511 interest'uel
386 3455 493 3510 inilium
511 3455 643 3509 enuntiati
661 3455 739 3521 noui,
764 3455 803 3508 ita
820 3458 910 3508 tamen
928 3459 959 3510 ut
975 3457 1147 3512 manifestum
1165 3460 1202 3513 sit

53 3541 107 3601 λεξ.
123 3543 181 3608 pqr.
195 3554 255 3594 csse
272 3539 408 3593 atticistae
425 3537 554 3604 (alilah.
569 3539 646 3606 proll.
666 3544 681 3604 ξ
695 3543 718 3604 6,
731 3555 757 3607 p.
771 3543 822 3605 48),
842 3539 888 3607 qui
905 3540 986 3608 paulo
1005 3549 1068 3597 acte
1081 3544 1125 3597 uel
1137 3549 1203 3610 post

51 3626 187 3689 laudatur,
205 3623 301 3678 deinde
317 3623 448 3702 formulas
467 3637 557 3677 omnes
576 3627 604 3678 et
621 3624 831 3692 simplieIssimas
850 3625 934 3679 ueluti
953 3623 1080 3696 ῥητορική
1099 3631 1126 3679 et
1143 3628 1200 3693 plc-

51 3711 142 3764 uiores
159 3707 244 3762 ueluti
260 3701 346 3758 cirac
363 3703 442 3776 εὖρον
460 3708 490 3759 ἐν
507 3708 547 3773 τῷ
566 3704 661 3774 λεξικῲ
674 3709 808 3782 ῥητορικῷ
822 3725 905 3765 unum
919 3709 1086 3776 eundemque
1098 3709 1200 3763 fontem

51 3795 104 3859 uel,
122 3800 153 3848 ut
171 3793 215 3847 hie
229 3791 401 3846 statuendum
412 3797 461 3856 est,
480 3791 614 3847 adientes
627 3793 694 3848 duos
712 3792 758 3859 (cf.
774 3795 828 3848 hui.
845 3795 908 3847 diss.
929 3796 978 3859 §a
997 3792 1058 3858 11‚a
1079 3791 1199 3864 γνώμων

51 3885 78 3934 et
96 3882 148 3945 §9‚
167 3877 215 3932 III.
232 3881 243 3929 l
262 3870 374 3944 βάτειαι
400 3877 430 3926 ἐν
446 3880 501 3928 τοῖς
519 3876 675 3947 ῥητορικοῖς)
693 3878 812 3932 eiusdem
829 3877 935 3944 generis
953 3881 1084 3944 spectare.

138 3966 161 4027 1)
178 3962 210 4015 In
229 3959 432 4029 quaestiouibus
451 3958 484 4014 dc
503 3959 629 4015 scholior.
643 3961 816 4015 Aeschineor.
830 3960 958 4016 fontibus.
983 3961 1199 4031 helprigerstu-

51 4047 112 4100 dien
124 4047 157 4101 V.
176 4063 202 4115 p.
216 4050 275 4099 259.
