2856 4800
294 327 471 396 Quaestioncs
489 326 522 380 de
540 326 616 380 Aelio
634 325 763 393 Dionysio
781 330 808 379 ct
825 323 961 378 Pausania
978 322 1114 378 atticistis.
1220 323 1279 381 181

133 487 1280 587 3)εέθῆμοσύνῆρ.391,28;τάξις1);4)Εέμολπίδαιρ.393,28ι

131 607 227 687 γένος
249 594 443 683 Ἀθήνησιν,
468 590 536 662 ἀπὸ
563 590 741 677 Εὐμόλπου
757 599 816 660 τοῦ
833 595 972 694 Θρᾳκός,
995 594 1032 672 ὃς
1054 598 1110 661 καὶ
1125 594 1184 683 τῆν
1198 594 1283 682 μύη-

134 726 190 770 σιν
221 695 323 787 εὗρεν.
351 689 371 784 ῆ
401 691 469 763 ἀπὸ
499 700 559 763 τοῦ
581 703 777 763 Μουσαίου·
808 695 846 773 ὃς
867 693 907 784 ῆν
931 689 999 762 ἀπὸ
1023 697 1052 780 β’
1076 702 1281 781 πέμπτοςῆς

135 809 168 884 5)
192 796 357 876 εὐναῖος
378 821 410 884 p.
434 804 505 883 393,
530 804 587 865 432
620 797 882 885 ἐγκεκρυμμένος.
911 800 1084 884 Σοφοκλῆς
1111 798 1282 879 Δόλοφιν·

136 896 280 978 Εέναῑος
292 901 342 986 ε’ίῆ
356 900 516 984 δραπέτιν
528 904 643 988 στέγην
655 899 782 984 exemp
797 903 828 979 6)
841 891 1084 983 εέράχαντες
1098 921 1129 983 p.
1143 903 1214 982 395,
1227 904 1282 964 21:

134 997 284 1090 ῆκοντες·
308 1002 424 1086 ῥαχίας
445 1000 508 1087 γὰρ
531 1000 667 1067 ἐκάλουν
689 1000 766 1078 τοὺς
785 1014 915 1086 τραχεῖς
930 1003 985 1066 καὶ
1001 1000 1213 1088 παρήκοντος
1227 999 1284 1064 τό·

137 1129 239 1191 ποος;
266 1111 297 1183 7)
319 1102 440 1190 ἐφεσι
447 1128 464 1180 ς
485 1125 517 1188 p.
534 1109 606 1189 401,
623 1110 679 1171 51:
702 1099 784 1188 ...ῆ
803 1101 851 1180 εἰς
867 1097 947 1169 ἄλλο
964 1102 1175 1188 δικαστήριον
1192 1100 1285 1190 ἐφιε-

136 1211 219 1294 μένῆ
243 1206 314 1292 δίκη
337 1200 422 1289 ὑπὲρ
444 1207 504 1270 τοῦ
519 1208 678 1291 κριθῆναι
693 1204 807 1272 πάλιν.
831 1203 957 1290 ἐγένετο
974 1204 1010 1270 δέ
1025 1197 1209 1292 Ἀθήνησιν
1226 1203 1284 1271 ἐπὶ

136 1312 204 1374 τῶν
233 1306 266 1372 ἐν
295 1320 366 1383 τοῖς
395 1305 513 1391 δήμοις
543 1301 871 1395 ἀποψηφισθέντων.
906 1305 1069 1393 ἐφεῖσθαι
1095 1305 1157 1393 γὰρ
1182 1292 1285 1385 αὖθις

136 1408 211 1495 ἐξῆν
241 1402 355 1485 αὐτοῖς
384 1406 432 1485 εἰς
461 1407 673 1494 δικαστήριον
696 1411 775 1495 περὶ
797 1411 856 1492 τῆς
876 1409 1061 1484 πολιτείας.
1095 1410 1151 1474 καὶ
1174 1408 1203 1474 εἰ
1225 1410 1285 1492 μὲν

136 1510 300 1589 ἑάλωσαν,
324 1508 514 1575 ἐπωλοῦντο
538 1506 583 1586 ὠς
606 1509 708 1587 ξένοι·
733 1509 763 1575 εἰ
786 1509 821 1574 δέ
841 1509 896 1597 μῆ,
921 1508 1129 1588 ἐπανίεσανί)
1146 1508 1193 1586 εἰς
1208 1509 1286 1586 τοὺς

137 1611 175 1688 ἐξ
196 1605 241 1676 ὥν
265 1606 561 1697 ἀπεψηφίσθησαν
584 1610 745 1696 δῆμουςδ).
768 1647 808 1658 -
832 1614 963 1679 euoluas
985 1611 1064 1676 mihi
1087 1632 1198 1678 omncs
1213 1613 1287 1679 illos

137 1715 364 1798 grammaticos
387 1719 419 1778 et
440 1713 687 1797 lexicographos
711 1720 742 1779 et
762 1713 985 1796 deprehendas
1001 1734 1079 1780 sane
1094 1721 1149 1779 aut
1163 1716 1286 1780 nullum

138 1818 235 1900 plane
266 1815 438 1898 uestigium
466 1816 593 1880 illarum
616 1816 794 1898 glossarum
817 1815 869 1881 uel
892 1820 977 1880 certe
999 1814 1081 1879 nihil
1103 1816 1208 1880 simile
1231 1822 1287 1881 aut

136 1919 276 2000 fontem,
306 1916 360 1998 qui
382 1918 438 1980 uix
460 1923 668 1998 agnoscatur,
692 1936 733 1982 ex
756 1936 819 1998 quo
841 1912 975 1981 Photius
998 1917 1084 1982 solus
1107 1935 1166 1981 sua
1188 1916 1285 1982 suffu-

138 2024 226 2084 ratus
257 2023 323 2100 est,
353 2019 443 2083 cuius
471 2019 593 2084 auxilio
623 2024 751 2084 centum
777 2018 845 2083 fere
868 2019 959 2082 annis
982 2023 1055 2100 post
1076 2019 1286 2101 Etymologus

139 2121 182 2184 M.
206 2120 295 2183 illam
312 2118 489 2184 doctrinam
505 2125 663 2185 uetustam
678 2120 871 2185 retractauit.
905 2120 956 2183 An
971 2118 1051 2183 mihi
1067 2118 1286 2186 demonstrare

142 2221 311 2287 conaberis
326 2221 551 2303 Etymologum
573 2241 603 2285 ιι.
620 2242 646 2286 c.
664 2211 877 2299 Εὐμολπίδαι
899 2222 1040 2302 glossam
1056 2220 1165 2285 Photii
1180 2222 1286 2286 lexico

139 2343 203 2388 non
226 2326 378 2404 usurpato
394 2323 600 2403 conposuisse
624 2320 736 2385 eadem
758 2322 860 2386 forma
875 2319 1053 2401 iisdemque
1069 2321 1175 2385 uerbis
1191 2328 1288 2401 atque

141 2423 293 2488 Photium
321 2441 362 2487 ex
392 2420 514 2487 scholio
537 2420 635 2504 Soph.
660 2423 712 2486 uel
735 2441 776 2486 ex
805 2423 946 2504 ipsorum
968 2421 1059 2502 Istri‚
1082 2420 1288 2487 Androtionis

140 2532 214 2591 cett.
238 2523 411 2606 operibns?

229 2626 330 2692 Venio
354 2626 418 2690 iam
441 2624 484 2689 ad
506 2625 645 2690 litteram
662 2649 683 2688 ι.
722 2624 863 2703 Quarum
878 2625 1095 2708 Etymologici
1110 2625 1150 2688 M.
1168 2622 1288 2699 λέξεων

140 2728 314 2793 nonnullae
343 2728 441 2790 etiam
463 2724 618 2792 hocloco
641 2725 720 2790 mihi
742 2726 927 2791 tractandae
951 2732 1037 2806 sunt,
1068 2744 1158 2806 quas,
1187 2727 1246 2790 etsi
1270 2747 1290 2790 a

143 2829 261 2894 Photio
292 2833 323 2892 et
346 2827 538 2909 Etymologo
561 2827 602 2891 Μ.
626 2828 704 2892 solis
727 2846 781 2893 eas
804 2826 886 2891 tradi
910 2827 1040 2908 Boyscn
1061 2824 1209 2891 concedit
1230 2847 1290 2895 nec

141 2933 263 2996 fontem
285 2930 386 2994 alium
408 2928 492 2994 unde
514 2927 665 2994 fluxerint
686 2928 827 2994 indicare
842 2934 957 3013 potest,
981 2934 1088 2994 tamen
1102 2928 1143 2994 ab
1159 2930 1288 3013 Etymo-

142 3035 218 3115 logo
241 3051 283 3097 ex
304 3030 412 3096 Photii
435 3031 540 3096 lexico
563 3031 740 3115 descriptas
763 3051 833 3097 esse
855 3037 961 3114 negat.

229 3133 436 3199 Praemittam
458 3153 530 3199 eum
553 3135 669 3216 locum,
693 3153 756 3215 quo
779 3135 833 3199 vel
856 3135 934 3216 solo,
958 3133 985 3197 si
1009 3138 1116 3198 cetera
1132 3138 1289 3214 corruant,

174 3242 346 3250 -....-....-

231 3302 255 3362 1)
274 3297 349 3364 Quae
367 3301 504 3363 secuntur,
522 3300 625 3368 recepit
634 3299 810 3368 Etymologus
829 3313 861 3352 ex
872 3296 978 3351 Orionis
996 3294 1092 3359 lexico,
1110 3295 1156 3348 ubi
1169 3312 1195 3364 p.
1207 3299 1248 3362 59,
1260 3300 1292 3350 16

143 3381 241 3436 similia
258 3385 375 3436 exstant.
1269 3392 1290 3427 ιν

230 3471 255 3531 2)
274 3465 403 3520 Conferas
427 3464 493 3519 illud
516 3465 701 3521 doctissimum
719 3465 842 3519 scholion
860 3463 943 3532 Soph.
963 3463 998 3517 ad
1016 3463 1081 3518 Oed.
1101 3463 1157 3520 Col.
1176 3481 1203 3520 u.
1225 3469 1289 3519 1051

144 3549 187 3604 cd.
197 3549 317 3617 Elmsley
326 3566 352 3616 p.
365 3555 405 3614 79,
422 3549 470 3603 ubi
482 3563 645 3616 cognoscere
658 3548 769 3617 poteris,
784 3548 855 3603 unde
864 3549 976 3604 Photius
990 3549 1077 3604 suain
1089 3550 1193 3605 lexicon
1203 3552 1292 3602 trans·

146 3632 248 3687 tulerit.
283 3631 370 3685 Valde
387 3647 404 3684 a
421 3632 518 3686 Photio
537 3631 622 3687 distat
637 3632 798 3702 Hesychius.

233 3720 258 3780 3)
276 3714 438 3783 Hesychius:
457 3711 574 3768 ιέναῖοε·
593 3713 689 3787 λαγών.
707 3715 847 3786 Σοφοκλῆς
865 3717 979 3790 Δόλοφι.
998 3711 1181 3781 κατεπτηχώε.

233 3804 258 3865 4)
277 3796 395 3853 Oodd.V
411 3800 438 3851 et
454 3797 478 3849 D
497 3797 698 3865 έπανήισαν.

233 3888 257 3951 5)
275 3881 416 3951 Lexicogr.
426 3881 460 3937 V.
470 3882 555 3937 Bekk.
566 3899 593 3951 p.
607 3887 665 3947 244,
677 3888 705 3938 8:
725 3888 827 3954 έφισιε·
846 3883 948 3938 εἴσοδος
966 3882 982 3949 ῆ
997 3885 1033 3934 εἰς
1044 3881 1110 3936 ἄλλο
1120 3880 1295 3955 δικαστήριον

148 3971 273 4037 ἐφιιμίνη
295 3964 365 4036 ὑπὲρ
387 3971 436 4022 τοῦ
460 3967 591 4039 κριθῆναι
609 3957 692 4021 αὖθις
709 3967 741 4021 τὸ
760 3967 827 4023 αὐτὸ
845 3971 969 4039 πρᾶγμα;
994 3967 1121 4037 lexicogr.
1140 3969 1187 4024 lv.
1207 3969 1293 4024 Bckk.

148 4067 175 4120 p.
192 4054 282 4118 186‚l,
300 4052 345 4108 nt.
356 4053 426 4109 Gud.
446 4070 472 4122 p.
487 4056 596 4118 mil,
613 4050 747 4121 Harpocr.
766 4067 794 4120 p.
806 4057 853 4106 142
872 4052 912 4108 ed.
926 4052 1006 4107 Dind.
1025 4051 1104 4108 ualde
1121 4053 1259 4108 dissident.
