2856 4800
239 311 300 372 212
683 307 817 363 Henricus
835 307 947 377 Heyden

239 485 314 553 dem
337 484 465 567 opinor,
493 482 520 549 si
543 502 607 548 non
628 499 755 562 omnes,
778 485 812 545 at
834 485 920 546 certe
941 480 1100 565 plurimae
1121 486 1154 546 et
1176 480 1332 548 Eustathii
1349 489 1380 549 et
1420 524 1426 574 t

238 589 376 655 aliorum
399 584 677 669 grammaticomm
701 583 956 664 obsemationes,
986 583 1101 665 quibus
1129 581 1206 649 iliae
1234 583 1373 650 formulae

240 690 380 754 insertae
395 692 478 771 sunt,
500 685 544 753 ad
557 685 714 752 atticistas
728 684 863 749 redeunt
875 686 906 762 ¹).
929 721 972 730 -
992 683 1139 750 Aliorum
1155 689 1262 750 autem
1286 705 1373 769 gram·
1424 731 1425 751 t

239 790 426 856 maticorum
448 788 554 855 nullus
576 787 805 869 haecomnia,
829 804 912 867 quae
934 785 1021 868 apud
1044 784 1273 868 Etymologum
1292 786 1330 851 Μ.
1348 792 1372 852 et

238 1293 474 1379 Lamprienai2)
493 1291 667 1358 hauserunt
681 1291 925 1376 Harpocration,
947 1292 1134 1359 Ammonius
1156 1287 1247 1379 [περὶ
1263 1287 1370 1375 ὁμοίων
1424 1342 1425 1349 1

236 1420 266 1461 κ.
282 1393 377 1480 drap.
394 1389 480 1479 λεξ.],
503 1391 690 1459 Eustathius
714 1387 754 1478 [p.
769 1397 862 1477 1564,
875 1389 945 1478 28];
968 1413 1010 1460 ex
1027 1394 1168 1461 atticista
1190 1415 1249 1462 sua
1270 1393 1370 1462 habent
1417 1395 1425 1489 ᾗ

239 1497 415 1566 scholiasta
435 1497 510 1562 Eur.
523 1495 644 1562 Phoen.
660 1515 690 1561 u.
703 1497 766 1559 284
789 1502 821 1561 et
842 1496 935 1563 Hom.
948 1496 1068 1563 VenA
1089 1497 1127 1562 Π.
1143 1500 1177 1560 K
1196 1517 1228 1563 u.
1241 1499 1303 1562 418
1322 1491 1371 1581 [ed.

237 1600 335 1667 Dind.
352 1600 378 1665 1.
400 1620 432 1684 p.
446 1594 530 1683 3631,
553 1617 595 1663 ex
616 1597 757 1663 atticieta
778 1600 831 1663 uel
854 1617 895 1664 ex
910 1599 1166 1683 Harpocratioue
1188 1600 1299 1667 eiusne
1319 1596 1372 1683 epi·

236 1709 324 1769 torna
352 1700 486 1767 Photius
515 1694 565 1784 [cf.
589 1720 620 1783 p.
638 1694 706 1785 37]‚
741 1698 873 1784 Suidas,
903 1701 1054 1767 Zonaras.
1084 1734 1128 1748 -
1159 1701 1254 1767 Illum
1281 1705 1394 1768 autern

236 1804 357 1871 fontem
385 1821 585 1870 communem
613 1801 747 1886 praebet
774 1803 842 1868 fere
871 1803 1030 1885 integrum
1053 1802 1290 1886 Harpocration
1316 1821 1384 1870 su

236 1902 375 1990 ἐσχάρα·
404 1904 599 1988 Λυκοῦργος
626 1900 660 1968 ἐν
688 1904 737 1987 τῴ
766 1902 844 1988 περὶ
873 1903 932 1987 τῆς
961 1901 1092 1988 ἱερείας.
1136 1895 1324 1987 Ἀμμώνιος
1350 1900 1424 1968 ἓνκ

235 2017 308 2081 τοῖς
336 2006 415 2089 περὶ
447 2006 571 2088 βωμῶν
600 2002 741 2089 ἐσχάραν
770 2003 853 2090 φησὶ
882 2002 1060 2070 καλεῖσθαι
1088 2003 1148 2090 τὴν
1175 2003 1220 2091 μὴ
1250 2004 1380 2088 ἔχουσαν

236 2098 325 2191 ὕψος
347 2104 470 2187 ἑστίαν,
494 2098 567 2173 ἀλλ’
588 2103 645 2172 ἐπὶ
668 2107 727 2192 γῆς
751 2105 924 2194 ἱδρυμένην
945 2107 1068 2194 κοίλην,
1091 2099 1213 2193 παρ’ἷὶ
1237 2105 1384 2184 καὶτοὺς

236 2206 371 2297 ἰατροὺς
393 2205 435 2274 τά
458 2206 492 2276 ἐν
508 2221 580 2286 τοῖς
603 2206 737 2292 σώμασι
756 2209 852 2274 κοῖλα
874 2207 948 2297 ἕλκη
971 2207 1113 2297 ἐσχάρας
1134 2210 1256 2276 καλεῖν.
1294 2211 1386 2280 Unde

236 2314 434 2400 intellegitur
465 2313 669 2380 Ammonium
702 2313 944 2398 Lampriensem
984 2309 1033 2397 [cf.
1062 2313 1167 2379 Amm.
1197 2313 1249 2380 ed.
1273 2314 1386 2383 Valck.

234 2437 266 2502 p.
283 2417 392 2497 32s34:
422 2411 515 2480 καθά
537 2414 593 2479 καὶ
616 2406 804 2497 Ἀμμώνιος
832 2408 849 2478 ὃ
873 2412 1079 2498 Λαμπριεύς
1104 2411 1139 2479 ἒν
1160 2413 1287 2502 πρώτῳ
1310 2416 1387 2499 περὶ

233 2513 377 2602 θυσιῶν]
405 2518 440 2582 in
469 2516 568 2601 libro,
597 2535 693 2599 quem
719 2517 760 2581 de
783 2516 847 2581 arie
869 2516 1074 2601 conscripsit,
1105 2517 1202 2582 etiam
1231 2516 1274 2585 de
1300 2520 1389 2587 uocis

235 2613 359 2701 ἐσχάρα
380 2618 563 2685 notionibus
586 2618 691 2701 egisse
715 2622 747 2683 et
768 2616 982 2682 testimonium
998 2617 1139 2701 Lycurgi
1162 2637 1204 2684 ex
1226 2620 1297 2687 eius
1319 2641 1390 2689 ora·

235 2721 323 2787 tione
346 2720 387 2786 de
409 2719 576 2788 sacerdote
598 2720 717 2785 femina
738 2719 892 2786 attulisse.

224 2869 229 2879 .
320 2827 348 2895 2.
383 2823 433 2889 De
465 2829 610 2888 ueterum
643 2821 887 2889 Atheniensium
920 2815 1148 2906 magistratu‘
1153 2820 1192 2886 οἱ
1226 2815 1386 2889 ἕνδεκα

232 2925 275 2989 Et
262 2924 444 3006 tymologus
466 2922 508 2989 M
531 2947 562 3010 p
579 2925 652 3007 338,
668 2926 705 2987 31
738 2923 819 2992 haec
847 2923 1004 3009 explicat:
1037 2916 1253 3009 κληρωτοὶ”
1231 2947 1389 3044 αρχοντες

232 3009 317 3110 ἦσαν
340 3047 442 3104 ουτοι,
465 3023 707 3113 προεστηκότες
728 3026 788 3089 τοῦ
811 3023 1053 3111 δεσμωτηρίου
1076 3025 1132 3090 καὶ
1154 3023 1233 3102 τοὺς
1255 3017 1388 3114 canayo-

226 3130 369 3293 μένουςὲ
377 3123 575 3212 κακούργους
604 3124 662 3191 ἐπι
690 3124 841 3193 θάνατον
868 3125 1188 3210 παραλαμβάνοντες
1215 3124 1387 3214 εζημίυυν·

232 3226 352 3305 τουςδ
353 3219 686 3316 ὲάμφισβητοῦντας
716 3226 847 3315 εἰσηχον
870 3224 978 3304 εἰς
943 3251 980 3291 το
1005 3226 1234 3314 δικαστήριον·
1264 3230 1385 3311 καὶτὸ

232 3393 268 3432 ne
281 3380 366 3433 uerbo
378 3378 486 3447 quidem
498 3378 631 3446 attingens
644 3383 692 3432 aut
702 3378 825 3433 refutans
838 3408 870 3416 -
882 3379 954 3448 quod
963 3395 1031 3449 opus
1044 3379 1148 3446 fuisset,
1161 3378 1185 3434 si
1198 3379 1386 3437 coniecturam

231 3462 305 3516 illam
323 3462 484 3530 redarguere
501 3462 685 3519 uoluisset-
702 3462 750 3517 sed
767 3463 795 3516 in
813 3463 970 3518 uniuersum
988 3463 1132 3519 disserens.
1169 3463 1280 3519 Summa
1303 3466 1386 3535 igitur

234 3546 353 3617 Freyeri,
372 3560 453 3615 quam
470 3546 548 3602 modo
566 3546 707 3616 exscripsi,
725 3561 895 3615 nequaquam
912 3562 929 3601 a
946 3547 1086 3617 Leopoldo
1102 3546 1178 3605 Gohn
1195 3548 1316 3604 refutata
1334 3556 1385 3606 est.

320 3634 345 3698 1)
360 3629 422 3686 Hoc
434 3633 621 3698 argumentum
632 3633 745 3701 insuper
757 3631 905 3686 sustentari
921 3635 989 3701 puto
1007 3632 1098 3688 uerbis
1117 3629 1153 3686 oie
1170 3628 1319 3702 ὁμώνυμον
1336 3653 1385 3702 ση-

230 3721 324 3782 μαίνει
342 3713 444 3781 πολλά,
469 3731 529 3770 curn
553 3715 717 3784 comparatis
735 3716 915 3770 atticiatarum
933 3717 1090 3787 fragmentis
1107 3717 1177 3771 Rdfl.
1197 3721 1312 3775 nonas
1325 3723 1384 3776 188.

232 3804 273 3853 31,
285 3805 317 3853 20
330 3801 376 3865 [cf.
389 3800 468 3856 Euat.
482 3817 508 3869 p.
520 3803 578 3868 823,
589 3803 641 3864 26].
660 3803 702 3854 32.
715 3805 774 3856 252.
788 3805 819 3854 47
833 3800 877 3865 [cf.
891 3801 969 3855 Eunt.
982 3818 1009 3871 p.
1023 3805 1096 3867 1636,
1107 3807 1158 3866 47].
1178 3807 1227 3857 276
1240 3801 1286 3868 [cs.
1302 3803 1383 3860 Euat

230 3898 258 3951 p.
270 3888 344 3948 1496,
356 3887 406 3950 53].
425 3888 474 3940 113
493 3884 537 3952 [cf.
553 3883 638 3940 schol.
648 3885 715 3939 Luc.
726 3886 768 3940 ed.
779 3885 870 3940 Iacob.
884 3903 910 3954 p.
921 3889 981 3951 219]
999 3887 1066 3941 satis
1083 3888 1234 3942 luculenter
1251 3895 1385 3958 appareat

231 3967 365 4022 atticiatas
393 3969 586 4037 explicationes
614 3968 647 4024 de
672 3971 819 4026 uerborum
850 3970 1027 4042 homonymiis
1055 3971 1197 4026 admodum
1223 3972 1252 4026 in
1278 3973 1383 4034 deliciis

230 4049 367 4106 habuisse.
457 4056 483 4119 2)
501 4053 542 4110 Gt.
561 4054 657 4124 Paulyi
674 4054 777 4125 encycl.
795 4059 858 4111 tom.
868 4055 890 4122 Ι,
903 4059 925 4110 1.
942 4072 970 4125 p.
981 4060 1040 4111 868.
