2856 4800
238 323 414 392 quaestiones
432 325 466 380 de
482 323 560 380 Aelio
577 323 709 393 Dionysio
727 329 755 380 et
771 324 908 382 Pausania
925 326 1060 384 atticistis.
1166 333 1230 394 205

553 594 680 672 Osann
706 597 755 671 ΙΙ.

116 747 330 847 tynnoioqorn
355 741 410 819 M.
427 747 571 842 piosaco
594 745 799 824 rhetoricus
821 771 869 822 ecc
885 747 987 824 Aeic'i
1000 748 1174 853 Dionysii
1195 758 1234 830 ci

116 866 286 939 sueoniae
320 865 557 940 obtentorum
586 865 715 941 lexicis
739 863 935 942 rhetorices
960 865 1232 970 depronqosiase

513 982 791 1060 demonstretur.

116 1155 140 1214 l.
171 1150 227 1214 De
250 1149 369 1216 Aelio
391 1151 591 1236 Dionysio
613 1154 918 1238 abEtymologo
941 1155 1166 1224 M.laudato
1190 1163 1230 1224 et

116 1272 127 1318 e
157 1253 313 1334 glossis
341 1251 582 1338 rhetoricis,
617 1256 852 1338 quibuscum
880 1257 1000 1339 plane
1033 1261 1229 1326 conuenit

232 1355 434 1421 alteruter
461 1358 655 1424 atticista
683 1358 790 1442 apud
812 1356 1075 1426 Eustathium.

165 1523 213 1587 Et.
229 1523 271 1588 M.
294 1544 325 1607 p.
342 1526 415 1606 227,
432 1526 484 1589 35:
506 1536 721 1609 γεραῑραι·
743 1522 838 1609 παρὰ
860 1518 1057 1612 Ἀθηναίοις
1078 1530 1228 1610 γυναῖκές

116 1645 165 1699 νος
188 1622 285 1706 ἱεραί,
309 1621 349 1699 ἃς
372 1619 388 1689 ὁ
408 1623 565 1706 βασιλεὺς
580 1630 783 1714 καθίστησιν
798 1625 1001 1714 ἰσαρίθμους
1015 1639 1087 1704 τοῖς
1100 1632 1234 1712 βωμοῖς

117 1727 137 1789 ὗ
159 1724 323 1790 Διονύσου
347 1723 404 1792 διὰ
426 1723 464 1791 τὸ
487 1731 652 1812 γεραίρειν
673 1726 730 1794 τὸν
753 1722 847 1795 θεόν.
889 1722 985 1794 Οὕτω
1007 1728 1186 1806 Διονύσιος
1208 1726 1227 1796 ὁ

117 1825 362 1912 λικαρναοσεύς.
407 1829 522 1897 Verbis
545 1832 697 1898 extremis
718 1832 946 1916 Etymologum
968 1832 1133 1898 declarare
1155 1851 1227 1900 sese

116 1932 207 1998 uicon
229 1931 388 1997 atticistae
409 1932 589 2015 inspexisse
612 1934 829 2017 unusquisque
852 1933 1007 2001 concedet
1021 1969 1063 1980 -
1076 1934 1226 2017 Boysenu

116 2036 225 2115 cepto.
257 2030 320 2108 Qui
336 2034 385 2097 uir
400 2032 527 2100 doetus:
547 2027 761 2119 ‘Dionysium
778 2036 881 2119 inquit
893 2031 934 2120 [p.
948 2031 1010 2120 72],
1032 2035 1227 2118 Etymologo

116 2183 118 2196 .
141 2139 303 2200 auctorem
318 2135 427 2219 luisse,
451 2141 485 2201 ut
506 2135 642 2202 indicari
665 2137 793 2203 uidetur
813 2139 885 2204 loeo
907 2138 965 2203 illo
980 2143 1005 2204 s.
1017 2157 1047 2202 u.
1063 2146 1226 2220 γεραῑραι,

116 2240 252 2301 ttamen
274 2243 445 2321 propterea
468 2244 517 2305 est
536 2238 729 2323 negandum,
753 2240 850 2323 quod,
873 2241 901 2306 si
924 2239 1126 2322 comparabis
1147 2238 1225 2303 Diu·

116 2338 165 2403 rsii
185 2338 365 2421 fragmenta
388 2361 459 2406 eum
482 2342 597 2424 glossis
612 2342 828 2425 Etymologici
849 2341 920 2417 M.¹)
943 2340 1065 2407 nullam
1080 2338 1237 2404 inuenies

119 2440 278 2524 Dionysio
301 2442 495 2525 prolectam,
519 2460 602 2525 quae
625 2443 666 2508 ab
689 2440 751 2508 hoc
773 2444 844 2527 ipso
866 2461 971 2525 neque
992 2440 1045 2507 uel
1067 2461 1087 2507 a
1108 2438 1226 2505 Photio

116 2542 131 2605 l
153 2562 174 2607 a
195 2543 347 2626 lexicogr.
360 2542 397 2608 V.
413 2544 518 2609 Bekk.
541 2547 595 2610 uel
617 2546 658 2611 ab
680 2545 873 2628 Etymologo
895 2543 979 2610 Gud.
994 2543 1048 2610 nel
1069 2542 1111 2608 ab
1126 2541 1227 2606 Hero·

116 2663 176 2709 ano
198 2644 251 2710 uel
267 2664 287 2709 a
302 2645 505 2728 Diogeniano
520 2647 714 2729 Etymologo
729 2647 771 2710 M.
787 2647 830 2712 sit
844 2635 980 2711 tradita'.
996 2679 1038 2690 -
1059 2643 1103 2708 At
1116 2643 1226 2708 miser-

116 2763 159 2810 ne
181 2741 242 2811 hoc
258 2753 479 2828 argumentum
494 2765 641 2813 corruere
652 2746 799 2812 uidemus
812 2747 866 2811 uel
880 2750 1011 2828 propter
1026 2744 1128 2809 solam
1143 2739 1237 2806 hanc·

116 2846 219 2912 »timae
249 2848 350 2930 frugis
379 2854 411 2915 et
438 2849 599 2930 qnantiuis
621 2848 716 2932 pretii
738 2847 879 2931 glossam
899 2846 941 2912 de
962 2864 1042 2911 uoce
1063 2853 1227 2927 γεραῑραι.

116 2967 164 3013 um
192 2950 252 3014 etsi
280 2955 408 3031 praeter
437 2951 565 3015 Aelium
595 2949 788 3034 Dionysium
815 2948 903 3033 apud
931 2947 1156 3031 Etymologum
1177 2944 1227 3028 ιΜ.

116 3050 206 3134 allux,
222 3050 464 3136 Harpocration,
480 3051 673 3136 Hesychius,
686 3050 934 3134 lexicographns
946 3050 983 3115 V.
995 3048 1100 3114 Bekk.
1113 3047 1155 3113 de
1169 3047 1226 3114 illo

116 3153 224 3219 stituto
255 3159 369 3237 agunt,
400 3162 509 3220 tamen
537 3175 646 3221 eornm
669 3174 763 3220 nemo
785 3153 977 3237 Etymologo
999 3153 1041 3217 Μ.
1064 3152 1135 3217 fons
1157 3149 1226 3214 tuit.

168 3389 192 3450 1)
209 3383 272 3440 Scit.
291 3385 429 3451 omnibus,
447 3400 502 3438 non
521 3400 581 3438 cum
599 3385 664 3441 solis
681 3386 777 3454 glossis
795 3383 951 3450 rhetoricis,
974 3397 1041 3452 quas
1058 3381 1150 3438 Photii
1168 3395 1227 3437 esse

116 3485 161 3523 um
178 3468 248 3525 falso
272 3476 369 3539 putare
394 3484 453 3539 cap.
471 3469 494 3523 I.
517 3468 707 3525 demonstraui.
742 3470 846 3522 Earum
864 3473 953 3522 antem
970 3467 1134 3536 glossarum,
1157 3481 1240 3534 quaa,

116 3553 207 3607 lentur
223 3568 256 3608 ex
271 3554 348 3610 Aelio
362 3554 491 3624 Dionysio
508 3568 639 3620 manasse,
657 3553 705 3608 sed
717 3567 817 3608 reuera
829 3568 863 3608 ex
875 3553 928 3609 illis
941 3552 1138 3623 lexicographis
1150 3554 1226 3605 tran·

116 3638 200 3707 riptae
217 3642 280 3694 sunt
297 3671 329 3679 -
349 3640 455 3709 Bopsen
472 3642 612 3693 enumerat
629 3638 726 3708 uiginti
745 3644 871 3707 quattuor
889 3669 934 3706 -—‚
955 3640 1099 3708 plerasque
1116 3635 1142 3688 ei
1160 3647 1225 3687 eon·

116 3723 144 3778 lo
171 3727 253 3793 atque
276 3739 338 3790 eas,
361 3740 429 3794 quae
452 3725 480 3778 in
503 3724 589 3779 medio
607 3724 792 3794 Etymologico
810 3724 847 3778 M.
867 3725 1037 3793 comparent,
1054 3719 1102 3774 ubi
1118 3717 1226 3785 glossae

116 3808 233 3864 moneas
252 3809 452 3877 desiderantur,
476 3824 543 3877 quas
561 3808 597 3885 ad
614 3824 696 3863 unam
714 3825 806 3865 omnes
824 3825 858 3864 ex
874 3809 951 3863 Aelio
968 3807 1004 3860 D.
1021 3802 1132 3858 fluxisse
1149 3800 1226 3870 equi·

116 3911 137 3948 n
161 3909 322 3963 persuasum
343 3895 438 3950 habeo.
475 3893 545 3949 Sane
567 3894 710 3948 admodum
727 3895 825 3952 mirum
843 3894 921 3959 esset,
944 3890 967 3946 si
983 3889 1160 3960 Etymologus
1177 3886 1227 3955 M,

115 3979 232 4035 imulta
256 3994 339 4050 opera
362 3979 493 4035 Aelianas
516 3979 655 4034 doetrinae
678 3977 760 4046 plena
783 3977 929 4046 excerpsit,
954 3990 988 4031 ne
1004 3975 1057 4030 hae
1075 3973 1181 4042 quidem
1196 3971 1226 4028 in

116 4070 156 4120 rte
172 4064 246 4120 illius
264 4065 400 4121 atticistae
417 4063 577 4132 uestigiase
595 4063 730 4120 offerrent.
767 4061 808 4118 df.
827 4076 897 4131 quae
915 4060 971 4116 dixi
987 4062 1074 4180 p4176
1091 4059 1154 4115 adn.
1167 4063 1190 4111 1.
1234 4094 1240 4107 .

970 4150 1002 4199 14
