2812 4822
207 317 272 376 232
652 315 787 372 Henrieus
803 316 916 388 Heyden

207 481 246 554 οὗ
267 486 464 575 ψηφίζουσι.
505 487 603 574 δῆλον
626 486 662 553 δὲ
690 478 744 552 ότι
772 478 829 552 οὔκ
857 475 897 554 όν
924 486 1039 574 χρῄζοι
1065 489 1125 574 τῆς
1154 483 1278 564 λέξεως
1304 486 1362 550 τοῦ
1395 564 1398 569 ¹

206 581 351 674 διβακεῑν,
375 584 392 654 ό
415 588 641 678 καταλογάδην
663 588 812 677 γράφων.

294 695 342 758 16.
373 693 422 758 Et.
436 693 479 758 M.
501 713 533 776 p.
548 695 619 777 187,
632 697 687 758 27:
711 696 947 776 βαμβαίνω·
971 689 1129 772 διστάζει,
1152 692 1271 776 τρέμει
1290 701 1362 766 τοῖς

205 797 300 874 ντοσί,
322 794 379 859 καί
394 787 462 858 δντδ
478 791 604 880 τρόμου
625 786 699 880 ἠχεῖ
718 790 796 870 τοὺς
818 784 957 870 ὀδόντας
979 796 1035 860 καὶ
1055 794 1098 880 τῇ
1118 789 1254 878 γλώσσῃ
1279 780 1361 877 ἆοή-

205 918 276 977 μσς
299 897 493 980 φθέγγεται.
528 892 599 961 ’ἐστι
623 893 736 960 δὲκαὶ
758 891 912 982 ῥητορικὴ
934 889 1069 980 ἦλέξις.
1105 894 1226 962 Suidas
1245 892 1362 960 eadem

205 996 304 1064 habet
326 997 452 1064 omissis
474 998 582 1065 uerbis
603 999 660 1063 καί
682 991 749 1062 tat
773 998 833 1063 τοῦ
853 994 978 1081 τρόμου
1004 989 1077 1083 ἠχεῖ
1100 992 1179 1074 τοδς
1208 986 1361 1070 όδόντας.

206 1098 392 1165 Eustethius
410 1118 451 1164 ex
467 1099 615 1166 attieistis
638 1099 800 1183 excerpsit
823 1099 904 1167 haee
925 1119 957 1184 p.
970 1102 1042 1183 812,
1055 1101 1109 1164 43:
1131 1093 1169 1163 τὸ
1195 1095 1232 1161 δὲ
1254 1099 1362 1179 βαμ-

90 1201 94 1208 ’
204 1203 372 1282 βαίνειν
402 1191 422 1265 ό
451 1197 539 1266 ἐστι·
572 1197 761 1286 συγκρούειν
788 1197 866 1276 τοδς
894 1192 1050 1279 ὀδόντας,
1085 1190 1153 1264 ini
1185 1199 1246 1263 τοῦ
1275 1194 1362 1262 κατὰ

206 1299 315 1384 στόμα
329 1299 447 1387 ψόφου
469 1297 569 1366 κατὰ
587 1298 682 1377 τοὺς
704 1298 909 1378 παλαιοὺς
932 1298 1181 1389 ἐσχημάτισται.
1213 1300 1273 1365 καὶ
1288 1296 1362 1364 ἔστι

206 1405 292 1490 φασί
307 1400 576 1489 δυσερμήνευτον.
611 1406 786 1486 συμβαίνει
802 1401 838 1468 δὲ
854 1415 926 1480 τοῖς
949 1403 1080 1489 ῥιγοῦσι
1100 1403 1156 1468 καὶ
1177 1413 1252 1478 τοῖς
1273 1395 1361 1466 δττο·

204 1504 395 1590 πτησσουσι
415 1506 472 1570 καί
493 1504 635 1570 θέλουσι
656 1502 716 1586 μέν
739 1505 883 1591 λαλῆσαί
904 1528 952 1585 τι,
977 1496 1221 1590 ἀπορουμένοις
1245 1500 1361 1567 δὲκαὶ

203 1601 433 1689 ὑποτρέμοντι
457 1607 513 1671 καί
541 1597 626 1670 οότω
649 1603 726 1682 τοδς
755 1597 895 1682 ὀδόντας
923 1604 1142 1693 συῤῥήσουσιν
1248 1600 1359 1670 ἰστέον

168 1774 177 1786 ,
205 1706 241 1774 δὲ
264 1700 318 1774 ότι
341 1705 381 1773 ἓν
404 1708 608 1794 ῥητορικῷ
629 1732 713 1773 τινι
735 1705 881 1792 λεξικῴ
906 1712 1045 1795 φέρεται
1072 1703 1292 1790 βαμβαλίζειν
1319 1702 1357 1771 τὸ

204 1813 337 1896 τρέμειν
358 1804 425 1874 όντδ
448 1807 576 1892 ψύχους
597 1810 665 1874 κτλ.
1400 1870 1402 1875 .

292 1917 341 1979 17,
367 1913 418 1978 Et.
433 1912 475 1977 M.
498 1933 530 1996 p.
545 1914 617 1995 324,
630 1914 687 1977 28:
708 1910 921 1996 γλίσχρος·
938 1958 946 1974 .
963 1959 971 1976 .
988 1959 996 1975 .
1013 1909 1061 1987 εἰς
1077 1909 1114 1975 δέ
1127 1906 1166 1976 τδ
1184 1906 1358 1997 ῥητορικόν

204 2010 332 2090 λεξικδν
361 2005 456 2099 εὖρον
483 2014 656 2100 σημαίνειν
683 2008 743 2097 τὴν
772 2009 859 2088 λέξιν
888 2008 1044 2093 ἐμπαθές
1051 2061 1060 2091 ,
1089 2007 1265 2086 κολλῶδες.
1302 2012 1358 2076 καί

204 2116 358 2201 γλίσχρος
388 2105 522 2199 ἀτυχής,
553 2111 734 2199 φειδωλός,
764 2111 916 2199 σκνιςοός,
948 2111 1037 2179 πάνυ
1064 2111 1224 2199 ῥυπαρός.
1275 2112 1357 2181 Gon·

205 2218 338 2283 ueniunt
359 2214 476 2282 Suides
499 2236 524 2282 s.
540 2235 570 2281 u.
593 2213 746 2300 γλίσχρον
775 2221 807 2281 et
828 2216 982 2298 lexicogr.
997 2216 1035 2281 V.
1058 2215 1163 2282 Bekk.
1187 2235 1219 2300 p.
1238 2217 1311 2300 233,
1328 2219 1356 2282 6.
1400 2270 1402 2275 .

203 2318 336 2385 Notioni
350 2324 457 2383 autem
473 2317 636 2401 γλίσχρος,
659 2318 715 2400 qui
730 2322 779 2383 est
797 2337 913 2384 auarus
936 2315 1043 2400 homo,
1065 2318 1178 2402 procul
1200 2317 1301 2385 dubio
1323 2318 1357 2384 in

203 2421 314 2504 lingua
336 2420 461 2486 Graece
486 2418 736 2504 suppeditabant
758 2425 805 2484 tot
826 2420 928 2485 uerba
949 2424 1026 2500 quot
1048 2419 1081 2484 in
1102 2419 1214 2502 lingue
1236 2425 1354 2502 nostre,

204 2542 288 2606 quae
311 2523 418 2588 omnia
439 2522 595 2587 attieistas
618 2521 818 2604 congessisse
841 2540 913 2586 eum
938 2539 997 2603 per
1025 2539 1060 2586 se
1088 2520 1356 2588 uerisimillimum

205 2628 253 2689 est
277 2618 431 2706 [conferes
447 2623 531 2687 enim
553 2641 664 2687 eorum
687 2622 904 2703 expositiones
927 2619 968 2686 de
991 2620 1173 2689 hominibus
1195 2623 1301 2689 stultis
1323 2627 1356 2688 et

202 2724 300 2791 fatuis
314 2724 402 2808 apud
416 2723 590 2808 Freyerum
608 2724 628 2787 l.
642 2743 667 2789 e.
683 2742 715 2805 p.
731 2725 791 2787 306
800 2717 892 2807 sqq.],
914 2727 982 2788 tum
996 2741 1154 2806 apparere
1169 2722 1251 2789 mihi
1265 2722 1355 2790 uide·

203 2831 254 2892 tur
276 2846 317 2892 ex
334 2824 503 2892 Eustathio
526 2826 660 2910 p.1828‚
674 2826 708 2889 9:
732 2820 881 2888 ἐνταῦθα
897 2821 932 2887 δέ
944 2821 1091 2910 χρήσιμα
1113 2821 1154 2888 ἐκ
1175 2825 1253 2890 τῶν
1275 2847 1356 2889 οτα-

204 2927 330 2992 λαιών
351 2929 407 2991 καὶ
428 2922 466 2991 τδ
489 2920 642 3009 κίμβιξό
667 2922 818 3012 ῥυπαρὸς
835 2925 907 3008 κτλ.
1045 3009 1047 3013 Ι
1142 2988 1156 2997 ,,
1262 2986 1264 2991 ,

207 3087 210 3093 .
291 3031 340 3094 18.
371 3029 420 3094 Et.
436 3028 478 3093 M.
501 3050 532 3113 p.
547 3029 608 3093 198
624 3034 719 3094 exin:
746 3025 868 3110 βλάξ·
975 3024 1023 3102 εἰς
1046 3025 1082 3092 δὲ
1102 3024 1140 3092 τό
1165 3025 1295 3105 λεξικδν
1315 3025 1354 3109 τὸ

203 3125 376 3216 ῥητορικόν
402 3120 496 3214 εὖρον
524 3125 586 3213 ε’γώ
618 3126 778 3214 εἰρῆσθαι
805 3125 864 3213 τὴν
892 3126 980 3204 λέξιν
1009 3120 1077 3193 ἇντό
1109 3127 1227 3210 ίχθόος
1253 3127 1356 3210 τινός,

202 3226 322 3313 ὁμοίου
345 3228 498 3316 σιλοόρῳ,
523 3222 687 3315 ἀχρήστου
710 3223 821 3309 όντος,’
842 3224 888 3306 (ός
908 3228 992 3316 μηδὲ
1013 3228 1094 3294 κύνα
1118 3222 1209 3315 αὐτῷ
1228 3229 1357 3318 χρήσα-

202 3338 299 3398 σθαι.
332 3332 515 3409 Πολιτείας
538 3330 578 3396 δ’·
598 3326 767 3415 ίβλακικόν
782 3355 818 3396 τε
832 3327 926 3416 ἡμῶν
940 3328 978 3396 τὸ
995 3323 1127 3412 σκέδας’
1146 3327 1193 3410 ὥς
1205 3330 1244 3398 ἐί
1265 3333 1356 3419 λέγοι

203 3438 406 3517 πνευμονίαν
430 3430 488 3519 [sie
505 3433 605 3519 Suid„
629 3435 679 3500 Et.
695 3434 737 3498 Μ.
760 3433 832 3506 οοδ.Ι
847 3430 1072 3519 ντνευμονιᾶν].
1111 3424 1180 3499 ἇντδ
1204 3436 1265 3500 τοῦ
1287 3439 1357 3501 δα-

203 3534 338 3600 λαττίου
368 3533 466 3619 ζῴου,
496 3529 592 3611 όντος
621 3527 840 3620 όναισθήτοο.
883 3534 916 3601 οἱ
945 3534 980 3600 δὲ
1011 3526 1079 3599 όντδ
1107 3536 1169 3600 τοῦ
1196 3532 1287 3621 πρὸς
1315 3539 1357 3622 tp*

200 3634 298 3724 Κύμη
326 3640 451 3721 χωρίου
479 3638 537 3722 τῆς
564 3636 743 3716 Βλακείας,
776 3628 815 3700 οὗ
842 3640 1007 3724 μέμνηται
1033 3637 1089 3702 καὶ
1114 3627 1357 3727 Ἀριστοτέλης.

200 3741 256 3806 καί
273 3737 307 3804 ἐν
317 3731 550 3825 Ἀλεξανδρείᾳ
572 3736 609 3802 δὲ
629 3737 723 3813 τέλος
744 3761 779 3802 τι
799 3737 1046 3823 βλακεννόμιον,
1070 3734 1139 3804 δοῖ
1155 3731 1357 3826 ἀστρολόγοι

201 3841 348 3921 τελοῦσι,
379 3837 494 3905 διὰτὸ
518 3836 595 3915 τοὺς
623 3835 754 3923 μωροὺς
780 3837 920 3908 εἰσιέναι
941 3837 1029 3929 πρὸς
1058 3831 1187 3917 αότοός.
1233 3842 1359 3910 Ouneta

202 3949 319 4027 eutem,
344 3963 426 4027 quae
448 3962 488 4010 ex
503 3942 729 4026 Etymologieo
744 3941 786 4007 M.
809 3947 956 4032 apposui,
980 3964 1022 4011 ex
1045 3941 1158 4008 eodem
1181 3944 1268 4011 libro
1291 3965 1357 4012 me·

202 4063 297 4110 nasse
328 4042 447 4126 optime
470 4040 587 4108 Suidas
613 4041 795 4127 confirmat,
827 4049 882 4129 qui
907 4050 990 4118 inter
1019 4045 1085 4110 alia
1112 4045 1212 4110 etiam
1242 4047 1358 4115 eadem
