2812 4822
200 341 261 400 190
640 327 775 384 Henricus
793 327 905 397 Heyden
924 360 931 364 -

195 529 267 576 cem
288 506 411 591 priores
427 501 664 571 accuratissime
680 500 831 566 cumillis
847 500 1073 583 grammaticis,
1098 520 1232 583 quorum
1250 517 1348 582 opera

189 609 344 676 -fortunae
366 606 521 674 beneficio
543 602 586 669 ad
607 621 667 668 nos
690 607 920 685 peruenerunt,
943 603 1064 669 contuli
1086 608 1183 684 atque
1205 600 1348 668 sedecim

195 709 348 776 articulos
372 708 498 790 collegi,
521 724 601 788 quos
624 704 666 769 ad
689 704 812 769 nullum
827 704 927 769 allum
941 704 1004 770 nisi
1019 703 1062 769 ad
1075 703 1226 769 Photium
1241 702 1347 769 redire

196 830 329 877 necesse
352 815 408 875 est.
453 809 503 872 Ex
524 806 582 872 illo
604 812 711 872 autem
734 825 866 872 numero
889 805 1106 888 colligendum
1128 825 1199 872 esse
1214 805 1346 871 uideba-

196 919 256 995 tur,
280 911 462 995 Boysenum
490 910 524 974 in
545 927 678 973 numero
701 907 880 990 glossarum
904 906 1028 990 CLXV,
1052 927 1131 990 quas
1153 908 1194 973 ab
1218 909 1348 991 Etymo·

188 1015 271 1095 ·logo
293 1011 334 1077 Μ.
359 1030 400 1077 ex
422 1009 530 1076 Photii
557 1010 664 1076 lexico
694 1009 752 1076 sub
780 1010 889 1074 littera
910 1031 929 1070 τ
951 1016 1095 1094 arreptas
1124 1008 1348 1094 deprehendit,

196 1113 363 1180 errauisse.
406 1112 491 1177 Nam
513 1117 635 1176 tantum
657 1111 778 1193 aberat,
801 1116 837 1175 ut
859 1109 1009 1193 equidem
1024 1111 1166 1193 Boyseni
1187 1112 1348 1177 rationem

196 1213 376 1281 confirmari
399 1214 472 1279 illas
495 1214 636 1296 reliquas
659 1213 791 1295 triginta
812 1213 949 1295 paginas
970 1212 1098 1278 litterae
1119 1236 1139 1275 τ
1160 1232 1351 1296 percurrens

194 1315 423 1399 viderem,
409 1321 517 1380 tttan
517 1335 570 1380 um
599 1317 769 1397 sexaginta
796 1315 923 1380 circiter
950 1320 1018 1379 tota
1046 1315 1154 1380 littera
1173 1339 1193 1378 τ
1221 1315 1351 1398 glossas

194 1417 370 1484 Photianas
394 1416 521 1483 efficere
542 1435 681 1501 possem.

280 1537 358 1603 Illas
380 1543 488 1602 autem
510 1535 653 1602 sedecim
676 1535 900 1601 adnotationes
923 1554 965 1600 ex
980 1536 1204 1619 Etymologioo
1227 1536 1270 1600 Μ.
1287 1534 1352 1600 hue

186 1637 238 1704 'ad
261 1639 400 1704 litteram
422 1638 586 1704 transferri
607 1659 673 1703 uon
696 1657 776 1722 opus
799 1657 870 1703 esse
891 1657 1017 1720 censeo,
1041 1657 1113 1703 oum
1135 1638 1231 1704 certis
1255 1657 1352 1720 argu-

193 1740 311 1805 mentis
334 1760 385 1806 me
408 1741 473 1805 iam
495 1741 668 1855 unicuique
689 1740 888 1823 persuasisse
911 1738 1079 1804 confidam.
1123 1739 1292 1822 Attamen,
1319 1745 1353 1803 ut

194 1841 327 1907 cuilibet
315 1842 477 1908 toocasio
501 1841 543 1907 sit
530 1841 638 1907 tillos
661 1843 751 1907 locos
774 1840 993 1924 comparandi,
1016 1842 1209 1907 enumerabo
1232 1862 1290 1907 eos
1306 1847 1353 1906 at-

195 1963 258 2025 que
280 1941 421 2009 adiciam
444 1943 573 2009 nomina
596 1949 628 2009 et
648 1945 738 2009 locos
753 1942 1068 2027 lexicographorum,
1091 1945 1146 2065 qui
1162 1945 1215 2009 uel
1232 1942 1353 2009 similia

193 2044 247 2110 uel
270 2044 335 2109 alia
356 2045 522 2127 praebent

186 2240 190 2249 Ι
284 2166 313 2241 1)
334 2165 386 2229 ut.
408 2165 449 2228 M
474 2167 594 2247 p.,743
611 2168 667 2228 56:
696 2161 853 2248 τάγτρι
898 2162 1081 2248 Hesychius
1109 2185 1134 2230 s.
1157 2185 1187 2229 ιι.
1210 2161 1357 2248 ταγάρια

187 2265 324 2346 similia.
370 2268 402 2340 2)
425 2266 474 2330 Et.
490 2266 532 2329 M.
555 2286 586 2348 p
605 2269 676 2348 745,
694 2268 747 2329 33;
775 2262 1029 2340 τανάπαδας.
1064 2265 1298 2348 Hesychiuss
1321 2287 1351 2333 u.

192 2357 406 2441 τανοποάας
402 2368 541 2451 Εριννος
556 2367 684 2433 srmrha
709 2369 739 2443 3)
755 2369 805 2432 Et
821 2368 862 2431 M.
875 2388 907 2451 p.
921 2372 994 2450 745,
1007 2369 1063 2432 48ε
1078 2365 1344 2450 τανύπτερος.

193 2468 363 2552 Lexicogr.
379 2468 509 2535 Bachm.
536 2466 633 2553 [AGr.
648 2471 674 2533 Ι.
690 2491 722 2553 p.
735 2465 876 2585 38129]
899 2418 1025 2552 eadein,
1048 2470 1107 2535 sed
1122 2470 1181 2535 sub
1196 2471 1344 2538 lemmate

193 2573 448 2652 ταναπτέρογος.
482 2570 666 2653 Hesychius
688 2591 759 2637 su.
783 2564 990 2649 τανύπτερος
1011 2573 1139 2636 similia.
1185 2574 1281 2649 4)1
1239 2572 1335 2638 Etll
1304 2573 1343 2639 M.

194 2691 226 2754 p.
244 2674 316 2754 746,
333 2676 351 2735 5
368 2691 392 2737 s.
408 2693 438 2737 u.
462 2669 645 2757 τάπητες
669 2670 756 2755 [pars
771 2668 880 2756 priorl.
918 2672 1102 2755 Hesychius
1124 2693 1148 2738 s.
1165 2693 1195 2737 u.
1218 2671 1344 2759 τάπησι

194 2773 320 2838 similia.
354 2773 404 2837 ut.
428 2771 511 2838 Gud.
534 2793 565 2856 p.
590 2775 662 2856 521,
679 2779 718 2836 57
742 2793 767 2839 s.
791 2794 821 2838 n.
844 2770 990 2858 rdnpgb
1019 2781 1052 2839 et
1072 2794 1105 2857 p.
1122 2777 1194 2856 521,
1209 2777 1250 2838 60
1274 2795 1298 2840 s.
1315 2795 1343 2842 u.

193 2870 342 2956 τάπητες
364 2875 438 2938 alia.
474 2875 504 2950 5)
529 2874 579 2938 Et.
598 2875 639 2938 M.
655 2897 687 2958 p.
705 2877 776 2957 746,
794 2880 833 2939 15
849 2896 874 2941 s.
890 2896 920 2941 u.
937 2887 1220 2957 ταραντεῖνον.
1242 2876 1344 2961 Hesy-

196 2972 287 3039 chius
310 2993 334 3038 S.
351 2994 381 3038 11.
404 2985 599 3052 ταραντῖνον
621 2976 749 3041 similia.
784 2980 815 3052 6)
837 2979 888 3042 ut.
903 2978 945 3042 M.
968 2999 1000 3062 p.
1017 2980 1089 3060 746,
1108 2981 1146 3042 16
1169 2999 1194 3044 s.
1210 2999 1240 3043 11.
1268 2984 1345 3043 Τα-

196 3074 389 3157 ραντιναὶ
404 3077 545 3158 βαφαὶ.
575 3076 756 3159 Hesychius
772 3099 797 3144 s.
812 3099 842 3144 u.
863 3084 1080 3162 Ταραντῖνοι·
1105 3078 1222 3160 αἵματι
1235 3083 1347 3166 domat

196 3180 268 3240 cett.
292 3175 367 3240 alia.
413 3176 444 3251 7)
466 3176 516 3240 rt.
531 3176 573 3240 Μ.
588 3198 620 3260 p.
638 3181 709 3261 747,
728 3185 766 3242 14
782 3201 807 3245 s.
823 3201 853 3245 u.
870 3178 1073 3265 τάρταρος
1095 3177 1181 3264 [inde
1203 3183 1346 3251 auerbis

197 3274 229 3340 ol
253 3273 289 3339 δὲ
312 3275 471 3359 usquead
490 3269 676 3361 ίῑάγοτοί).
699 3280 823 3347 Desunt
838 3303 956 3349 omnes.
994 3285 1026 3359 S)
1047 3284 1098 3348 111.
1114 3284 1156 3347 Μ.
1172 3305 1203 3367 p.
1221 3289 1293 3369 747,
1307 3288 1345 3350 48

197 3397 222 3441 s.
239 3397 268 3440 u.
285 3401 360 3439 του
372 3374 570 3462 ροφάγον.
593 3380 775 3465 Hesychius
790 3405 815 3449 s.
827 3404 857 3448 u.
872 3383 1085 3471 ταιροράγος
1100 3387 1228 3451 similia.
1252 3387 1283 3465 9)
1296 3388 1350 3453 Et.

195 3477 239 3541 Μ.
263 3498 294 3560 p.
320 3482 392 3560 751,
414 3482 433 3541 4
456 3499 481 3545 s.
504 3500 534 3545 ιι
563 3481 867 3565 τελιοκόμενος.
900 3488 1072 3572 Lexicogr.
1101 3487 1233 3553 Bachm.
1258 3483 1356 3573 [1.α.

195 3599 229 3661 p.
246 3579 318 3659 383,
335 3574 388 3663 21]
411 3578 540 3664 eadem,
568 3582 626 3648 sed
648 3585 707 3650 sub
729 3587 878 3654 lemmate
899 3587 1103 3670 τελιοκόμος.
1151 3591 1202 3666 10)
1230 3590 1281 3657 Et.
1304 3591 1357 3657 M.

286 3815 310 3874 1)
327 3810 444 3866 Praebet
461 3812 505 3867 Et
515 3814 587 3870 Gud.
605 3816 657 3870 hoc
680 3817 740 3872 loco
758 3819 935 3888 ncrlloquium
952 3824 1064 3879 nocisv
1064 3817 1142 3886 άπητ,
1161 3822 1234 3890 quod
1251 3823 1358 3892 legitur

197 3893 227 3946 in
251 3896 329 3961 parte
352 3894 439 3950 altera
455 3898 560 3965 glossae
583 3898 761 3969 Etymologlci
784 3903 822 3957 Μ
840 3910 953 3960 anetme
971 3908 1073 3963 Orione
1094 3906 1247 3975 appellato,
1272 3910 1355 3964 cuius

197 3975 343 4044 quidem
323 3977 425 4043 loom
410 3995 469 4033 cnm
488 3982 648 4050 expositio'
640 4000 667 4037 ιιι
685 3984 755 4039 illins
773 3986 859 4043 lexico
878 3989 956 4060 desit,
975 3997 1050 4048 certe
1063 4006 1123 4044 cum
1135 3990 1193 4045 cod
1204 3989 1289 4046 VOri
1301 4007 1354 4046 no·

196 4074 259 4114 mcn
275 4059 445 4117 scribendum
461 4066 512 4119 at

84 4338 238 4520 ἢ
