2856 4800
220 309 397 378 Quaestiones
415 309 448 365 de
465 309 543 365 Aelio
561 309 692 379 Dionysio
710 314 738 364 et
755 308 891 365 Pausania
907 309 1043 367 atticistis.
1150 312 1210 372 195

55 471 545 568 ἐστίαν,τὴνμὴέχοοσανῧψος,
575 478 748 566 ἱδρυμένην
769 468 934 568 ἢκοίλην·
957 479 1047 567 παρὸ
1064 484 1120 547 καὶ
1134 481 1212 560 τοὺς

56 576 132 648 ἀλλ’
159 581 218 650 ἐπὶ
245 585 304 668 γῆς
331 570 547 668 ἱδρομένηνῆ
574 578 707 666 ἰατροὺς
736 578 777 645 τὰ
807 578 841 647 ἐν
867 580 997 665 σώματι
1019 584 1114 650 κοῖλα
1137 582 1210 671 ἕλκη

54 686 186 771 κοίλην·
214 682 307 768 παρὰ
330 681 367 749 τὸ
391 685 447 749 καὶ
469 679 546 759 τοὺς
573 680 714 768 ἐσχάρας
735 683 857 748 καλεῖν.

56 783 195 870 ἰατροὺς
223 782 264 848 τὰ
289 781 322 849 ἐν
343 787 392 869 τῷ
415 782 546 866 σώματι
616 788 647 859 3)
675 781 849 869 ἐσχάραι
878 782 1023 869 πυρός·
1053 785 1110 852 ἐπὶ
1133 784 1211 851 ἐδά-

53 888 155 952 κοῖλα
178 884 251 972 ἕλκη
269 883 409 971 ἐσχάρας
422 886 544 951 καλεῖν.
572 909 657 972 croug
679 878 872 971 ἇνθρακιαὶ.

53 986 223 1074 ῥητορική.
614 990 645 1066 4)
675 985 860 1073 ἐσχάρας·
890 983 932 1052 τὰ
959 988 1026 1051 ταῖν
1051 989 1211 1070 γυναικών

572 1085 696 1154 αἰδοῖα.

614 1193 645 1267 5)
657 1188 847 1275 ἐσχάριον·
859 1177 1086 1276 θυμιατήριον
1090 1189 1210 1256 κοῖλον.

142 1342 264 1408 Nuberi
294 1350 326 1408 et
348 1343 489 1428 Boyseni
518 1343 676 1409 sententia
700 1341 763 1409 hoe
785 1343 934 1427 exemplo
957 1344 1075 1427 optime
1098 1342 1209 1410 confir·

56 1451 196 1510 maretur
228 1450 260 1509 et
288 1445 462 1529 praecipue
485 1445 626 1529 Boyseni
647 1444 870 1529 supplementa
892 1444 1153 1529 defenderentur,
1182 1446 1209 1510 si

56 1546 185 1628 glossae
200 1551 324 1629 partem
339 1547 479 1629 priorem
494 1564 596 1628 usque
610 1544 653 1610 ad
667 1565 784 1612 nomen
801 1539 955 1627 Ἡρακλεῖ
969 1566 1010 1611 ex
1025 1547 1090 1612 alio
1103 1565 1209 1630 opere,

56 1666 99 1711 ex
121 1647 185 1711 alio
201 1647 327 1728 reliqua
340 1645 473 1712 fluxisse
489 1646 766 1712 demonstraretur.
801 1647 971 1713 Enimuero
983 1648 1210 1732 Etymologum

54 1747 99 1812 Μ.
125 1753 157 1812 et
176 1746 325 1813 Photium
348 1748 381 1812 in
403 1753 494 1832 parte
516 1748 707 1832 posteriore,
731 1767 813 1830 quae
835 1747 943 1814 finitur
960 1749 1097 1815 formula
1112 1747 1210 1834 ῥητο-

57 1845 144 1939 ρική,
164 1849 210 1913 ita
232 1849 461 1916 concordantes
483 1848 640 1933 uidemus,
664 1855 698 1913 ut
720 1849 857 1916 formula
878 1848 920 1916 ad
936 1849 1085 1916 Photium
1106 1852 1208 1917 solum

57 1987 99 1996 —
122 1948 157 2015 id
177 1949 263 2034 quod
279 1951 327 2015 illi
342 1949 502 2017 affirmant
516 1986 557 1996 -
573 1957 705 2034 spectet.
740 1949 806 2017 Sed
828 1952 906 2019 uiris
922 1952 986 2018 illis
1002 1950 1105 2018 doctis
1120 1971 1209 2037 spem

57 2054 174 2118 bonam
197 2057 380 2136 certamque
402 2052 469 2119 fere
490 2052 648 2136 praecidit
668 2051 863 2120 Eustathius.
896 2054 1023 2120 Etenim
1045 2054 1126 2120 forte
1148 2054 1209 2121 iste

58 2160 288 2221 commentator
317 2156 458 2220 seruauit
484 2155 517 2219 in
540 2156 776 2221 commentariis
798 2156 841 2221 ad
862 2156 999 2222 Iliadem
1022 2176 1053 2239 p.
1078 2159 1150 2237 815,
1168 2158 1207 2218 10

57 2256 194 2323 eandem
216 2256 471 2323 obseruationem
499 2255 541 2324 de
562 2276 643 2323 uoce
665 2253 789 2338 ἐσχάρα
810 2249 907 2338 atque
930 2258 1140 2339 Etymologus
1154 2256 1208 2338 M„

56 2377 152 2441 quam
185 2377 226 2424 ex
259 2359 443 2424 alterutrius
471 2358 629 2422 atticistae
656 2358 763 2421 lexico
796 2354 956 2422 rhetorico
985 2357 1207 2439 depromptam

56 2478 128 2526 esse
149 2460 232 2526 infra
255 2458 459 2535 ostendam¹).
503 2455 690 2525 Eustathius
710 2463 818 2524 autem
839 2458 860 2522 l.
877 2477 904 2524 c.
928 2456 1008 2524 haec
1030 2455 1141 2523 tradit:
1167 2453 1205 2523 τὸ

55 2557 92 2624 δὲ
115 2556 268 2644 ἐσχάρα
289 2556 374 2624 κατὰ
392 2557 470 2636 τοὺς
484 2555 651 2636 παλαιοὺς
665 2553 711 2635 ὥς
726 2553 902 2642 ὁμώνυμον
917 2562 1072 2645 σημαίνει
1087 2557 1207 2626 πολλά.

55 2661 187 2745 λέγεται
208 2657 271 2746 γὰρ
294 2653 379 2726 οὕτω
398 2663 454 2727 καὶ
470 2656 487 2726 ὅ
503 2660 627 2744 βωμός,
651 2655 697 2737 ὥς
711 2654 789 2745 παρ’
810 2654 975 2745 Εὐριπίδῃ
992 2659 1026 2725 ἐν
1037 2656 1207 2741 Ἡρακλεῖ·

55 2761 152 2848 δηλοῖ
181 2761 218 2828 δέ
246 2784 350 2850 φασιν
371 2757 390 2846 ἡ
415 2760 503 2837 λέξις
528 2764 585 2825 καὶ
606 2759 713 2845 ῥύπον
734 2762 791 2823 καὶ
812 2759 937 2822 naveta
961 2758 1052 2832 ἕλκος
1073 2758 1208 2843 καλιὴν

54 2869 175 2947 κυρίως
205 2864 241 2929 δὲ
268 2864 444 2951 λεγομένην
470 2859 610 2945 ἐσχάραν
635 2857 695 2944 τὴν
716 2856 761 2944 μὴ
785 2857 923 2940 ἐχοοσαν
944 2850 1032 2943 ὕψος
1055 2850 1123 2923 ἀλλ’
1150 2856 1208 2925 ἐπὶ

54 2968 114 3052 γῆς
136 2949 239 3032 οὖσαν
260 2954 281 3052 ἢ
302 2966 425 3052 κοίλην,
449 2955 532 3030 ὅθεν
552 2966 608 3029 καὶ
630 2959 672 3054 σὰ
695 2959 729 3026 ἐν
753 2960 882 3044 σώματι
904 2961 1000 3026 κοῖλα
1020 2959 1094 3049 ἐλκη
1112 2959 1208 3044 ἐσχά-

56 3092 114 3153 ραι
143 3067 297 3155 ἰατρικῶς
323 3068 510 3134 καλοῦνται.
541 3104 582 3115 -
608 3067 688 3136 Utut
715 3073 822 3133 autem
849 3071 913 3149 est,
941 3066 976 3132 id
998 3072 1122 3133 constat
1143 3087 1207 3134 non

56 3172 158 3238 solum
180 3178 211 3238 et
221 3172 424 3239 Eustathium
439 3179 471 3239 et
482 3172 709 3256 Etymologum
721 3169 805 3235 hanc
819 3169 1076 3234 obseruationem
1092 3166 1206 3232 eadem

55 3273 155 3340 forma
177 3275 211 3339 in
231 3295 289 3340 suo
305 3274 393 3340 fonte
407 3275 578 3355 inuenisse,
600 3291 712 3338 uerum
727 3273 824 3337 etiam
839 3275 872 3334 et
886 3268 1036 3332 Photium
1053 3272 1085 3330 et
1098 3271 1206 3331 aucto·

30 3394 122 3441 -rem
151 3377 238 3441 illius
261 3375 479 3458 expositionis*
493 3371 724 3439 Eustathianae
747 3367 907 3436 communi
929 3367 1016 3431 fonte
1039 3367 1106 3433 soil.
1129 3367 1205 3433 Am-

53 3477 161 3541 monio
184 3476 217 3538 in
238 3476 417 3557 posteriore
439 3473 566 3557 glossae
587 3476 680 3555 parte
701 3468 933 3536 conscribenda
954 3488 1029 3536 usos
1053 3490 1133 3537 esse.

142 3587 300 3654 Oonuerto
333 3608 385 3655 me
413 3591 456 3656 ad
484 3591 557 3656 illas
588 3588 668 3657 duas
697 3589 920 3656 adnotationes
952 3583 1145 3673 ῑζύγαστρον
1174 3593 1206 3652 et

55 3678 259 3778 σφαδάζειν,
289 3706 421 3768 quarum
450 3690 686 3775 supplementa,
710 3691 824 3774 quibus
847 3691 1057 3775 Etymologus
1078 3688 1206 3754 uberior

56 3800 104 3860 est
127 3812 222 3875 quam
244 3787 387 3872 Photide,
410 3792 495 3856 unde
516 3789 674 3876 fluxerint,
697 3794 826 3877 Boysen
848 3794 983 3875 ignorat.

125 4043 225 4110 1)§5,
244 4049 268 4097 1.
