2812 4822
290 314 467 385 Quaestiones
485 315 519 370 de
536 313 614 369 Aelio
633 313 763 383 Dionysio
780 320 808 370 et
824 314 961 371 Pausania
978 316 1113 374 atticistis.
1219 321 1282 380 189

116 482 214 562 τινὸς
229 478 357 573 ιγ’ρωος·
373 483 460 570 πρὸς
475 480 660 571 ὑπηρεσίαν
675 486 742 549 τῶν
758 477 946 570 ἀναγκαίων
958 483 1157 573 ἐπιτήδειος.
1181 482 1281 558 αὗται

119 586 155 652 δὲ
192 584 257 653 ἐπὶ
291 583 494 674 στρατηγούς
523 583 731 669 ἐπέμποντο,
765 588 821 652 καὶ
849 586 1009 666 τοιαύτας
1038 587 1132 666 τινὰς
1156 597 1281 677 χρείας.

120 689 230 768 Quam
255 691 490 775 expositionem
513 710 577 756 non
600 709 641 755 ex
656 709 720 756 nno
735 689 823 756 fonte
837 711 986 758 manasse
1003 692 1101 760 facile
1117 696 1281 777 cognosci-

122 799 182 858 tur.
231 791 420 858 Diuidenda
447 793 533 858 enim
556 792 659 857 estin
682 797 790 874 partes
813 798 977 874 quattuor:
1000 794 1042 860 ab
1065 795 1157 861 initio
1180 815 1282 878 usqne

123 895 166 960 ad
189 914 310 960 nomen
330 888 535 979 Δημητριάς,
559 892 635 958 dein
658 912 758 974 usque
781 892 824 958 ad
846 894 1038 960 uocabulum
1060 886 1186 980 ἥρωος,
1213 902 1282 961 tum

126 1016 229 1079 usqne
263 995 305 1061 ad
338 994 534 1061 adiectiuum
564 985 771 1078 ἐπιτήδειος,
804 993 944 1076 denique
972 1015 1075 1078 nsque
1102 996 1146 1063 ad
1173 996 1281 1064 finem.

127 1097 223 1165 Unde
246 1096 436 1180 deprompta
457 1097 521 1162 sint
542 1095 643 1161 uerba
664 1095 783 1179 media,
806 1116 882 1180 pars
902 1097 1044 1164 secunda
1059 1104 1092 1163 et
1106 1100 1209 1183 tertia,
1233 1100 1280 1164 in·

129 1199 290 1282 uestigare
317 1218 382 1264 non
409 1199 510 1282 potui.
555 1196 635 1262 Cum
664 1204 808 1263 extrema
837 1203 943 1264 autem
972 1200 1082 1282 glossa
1110 1200 1281 1266 concinunt

129 1300 169 1367 ad
196 1301 331 1367 uerbum
359 1306 504 1364 extrema
524 1298 625 1364 uerba
645 1299 773 1381 glossae
795 1300 895 1365 lexici
911 1300 947 1365 V.
972 1300 1077 1367 Bekk.
1100 1321 1132 1384 p.
1149 1304 1221 1382 267,
1239 1304 1278 1364 21

129 1424 151 1469 S.
168 1422 198 1467 n.
225 1399 338 1485 ἱεραί
361 1396 564 1484 τριήρεις·
588 1395 750 1483 πάραλος,
774 1400 972 1482 Σαλαμινία,
1000 1393 1187 1485 Ἀντιγονίς,
1210 1404 1282 1487 Δη-

128 1499 279 1589 μητριύς.
303 1492 402 1565 αὗται
425 1496 484 1564 ἐπὶ
506 1496 708 1586 στρατηγούς
723 1497 915 1582 ἐπέμποντο
938 1503 993 1567 καὶ
1014 1499 1173 1577 τοιαύτας
1186 1498 1282 1577 τινὰς

124 1608 254 1688 χρείας,
284 1603 340 1668 ubi
363 1603 460 1668 etiam
482 1602 592 1685 priora
612 1602 713 1668 uerba
735 1603 919 1687 Etymologi
942 1605 983 1670 M.
1007 1605 1075 1670 fere
1098 1606 1206 1670 omnia
1227 1624 1280 1670 oe·

128 1724 255 1772 currere
276 1703 379 1769 uides.
411 1704 497 1768 Num
519 1709 627 1768 autem
650 1702 732 1769 haec
753 1706 863 1787 glossa
885 1704 1110 1789 lexicographi
1123 1707 1171 1788 V.,
1195 1724 1280 1788 quae

126 1807 185 1873 snb
208 1807 344 1871 litteras
367 1810 483 1886 exstat,
507 1803 583 1869 huic
604 1804 790 1887 Etymologi
812 1807 947 1871 articulo
969 1806 1027 1872 sub
1043 1808 1150 1872 littera
1165 1827 1193 1868 π
1207 1807 1280 1872 fons

124 1909 238 1990 fuerit,
267 1905 364 1972 nalde
394 1904 523 1988 dubito,
553 1906 744 1988 praesertim
772 1926 843 1971 cnm
873 1907 941 1974 illic
963 1907 1072 1973 media
1093 1906 1279 1990 Etymologi

124 2009 229 2076 uerba
250 2009 357 2075 desint
377 2026 483 2088 neque
504 2006 674 2089 probabile
691 2025 762 2072 esse
782 2007 939 2091 uideatur,
961 2009 1189 2092 Etymologum
1205 2027 1280 2073 ean-

125 2109 202 2175 dem
234 2109 391 2192 glossam,
426 2127 522 2188 quam
554 2113 651 2173 antea
683 2108 742 2172 sub
772 2107 923 2174 lemmate
948 2100 1067 2192 Ιἱεραὶ
1096 2105 1282 2191 τριήρεις

126 2232 155 2296 p.
174 2212 248 2293 469,
266 2212 321 2274 19:
346 2205 470 2282 αἵτινές
493 2205 559 2271 sica
580 2204 751 2292 Πάραλος,
774 2208 972 2290 Σαλαμινία,
994 2201 1186 2292 Ἀντιγονίς,
1208 2211 1282 2293 Διγ-

122 2307 277 2398 μητριύς.
301 2301 401 2374 οὗτοι
424 2306 615 2390 ἐπέμποντο
640 2305 698 2373 ἐπὶ
721 2307 923 2395 στρατηγούς
944 2316 997 2374 καί
1012 2307 1170 2385 τοιαύτας
1184 2305 1282 2384 τινὰς

119 2416 236 2499 χρείας
264 2413 298 2476 in
319 2411 516 2494 farraginem
536 2416 717 2494 receperat,
745 2411 882 2495 posthac
904 2412 1009 2479 denuo
1032 2415 1065 2477 in
1087 2431 1180 2478 usum
1202 2430 1278 2476 eon·

121 2516 261 2581 uertisse
281 2513 380 2597 idque
394 2513 450 2595 ita,
467 2499 508 2578 'ut
522 2512 662 2596 priorem
677 2519 801 2596 partem
815 2514 902 2581 illius
918 2515 1046 2598 glossae
1061 2513 1281 2597 Seguerianae

120 2612 296 2701 [Πάραλος
324 2633 426 2697 usque
453 2612 497 2678 ad
523 2605 759 2699 ‘Appptosdc'l
789 2616 1030 2699 transcriberet,
1061 2614 1112 2682 his
1143 2634 1184 2680 en
1212 2603 1279 2679 alio

120 2717 268 2800 quodam
296 2716 385 2783 fonte
406 2715 560 2782 nonnulla
582 2706 662 2798 [ἀπὸ
687 2713 849 2798 Παράλου
872 2707 980 2799 ἥρωος
1003 2737 1104 2799 usque
1126 2717 1169 2780 ad
1188 2708 1281 2778 ‘irra-

118 2808 283 2903 τήόειοςἸ
308 2815 453 2899 adderet,
475 2821 635 2899 postremo
659 2816 692 2880 in
713 2815 776 2882 fine
799 2817 843 2883 ad
857 2818 947 2883 illam
962 2817 1142 2883 doctrinam
1157 2815 1280 2897 Segne·

118 2923 249 2987 rianam
280 2910 393 3003 [αὗται
424 2915 460 2982 δὲ
490 2914 548 2982 ἐπὶ
572 2939 640 3003 στρ.
664 2937 766 3000 usque
788 2918 831 2984 ad
851 2910 997 3004 ῐχρείας]
1029 2917 1158 2984 rediret.
1202 2916 1281 2982 Veri

121 3041 198 3089 esse
225 3021 363 3088 similius
387 3038 502 3086 censeo
526 3019 681 3085 hocloco
704 3018 930 3104 Etymolognm
951 3018 1219 3103 lexicographum
1240 3017 1280 3083 V.

121 3123 233 3190 Belnk.
256 3142 321 3188 non
342 3121 464 3188 adiisse
487 3121 555 3205 sed,
579 3141 662 3203 quae
685 3123 786 3188 uerba
808 3143 880 3188 oum
896 3124 953 3189 illo
970 3123 1162 3189 conueniunt
1177 3121 1280 3184 maxi·

122 3244 243 3308 meque
265 3230 419 3307 extrema,
443 3243 485 3288 en
507 3224 667 3288 communi
689 3224 798 3305 aliquo
821 3224 909 3290 fonte
931 3225 1114 3290 deduxisse.
1147 3221 1279 3285 Initium
1342 3225 1344 3229 '

122 3333 234 3393 antem
250 3326 375 3391 transiit
389 3325 503 3408 procul
518 3324 616 3389 dubio
633 3343 674 3390 en
688 3324 797 3390 Photii
812 3326 946 3391 articulo
963 3321 1179 3404 Πάραλος·
1204 3317 1279 3405 ἱερὰ

121 3425 273 3513 τριήρης,
296 3417 411 3511 ὥσπερ
434 3431 490 3490 καὶ
511 3419 531 3509 ἡ
556 3424 758 3506 Σαλαμινία·
781 3408 866 3510 ἦσαν
890 3424 926 3490 δὲ
947 3428 1004 3490 καὶ
1021 3417 1120 3489 ἄλλοι
1134 3419 1281 3508 τριήρεις

121 3527 153 3611 γλ
163 3545 172 3562 ·
194 3521 380 3612 Ἀντιγονίς
402 3528 459 3592 καὶ
473 3523 684 3613 Λημητριύς·
699 3575 706 3591 .
720 3573 726 3588 .
742 3577 770 3606 .,
795 3529 921 3595 omissis
943 3529 1050 3595 uerbis
1074 3545 1157 3610 quae
1171 3543 1281 3608 super·

121 3650 272 3698 nacanea
285 3650 357 3697 esse
372 3630 574 3712 uidebantur,
597 3629 672 3694 inde
688 3631 729 3696 ab
749 3613 858 3716 ‘sicas'
877 3651 980 3714 usque
994 3629 1037 3696 ad
1050 3623 1208 3710 (τριήρεις
1218 3616 1280 3705 β”.

212 3733 335 3815 Restat,
358 3738 403 3815 ut,
426 3731 513 3813 quod
535 3730 615 3796 mihi
639 3738 817 3797 extremum
835 3751 1072 3817 proposueram,
1096 3747 1191 3810 quam
1205 3746 1281 3809 pos-

121 3856 197 3903 snm
219 3833 411 3900 brevissime
441 3832 483 3898 de
512 3833 627 3916 glossis
651 3834 818 3900 Photianis
841 3833 1011 3914 disseram,
1043 3848 1126 3912 quae
1148 3828 1182 3891 in
1203 3827 1282 3912 Ety-

120 3935 289 4020 mologico
311 3935 354 4000 M.
377 3935 435 4000 sub
457 3935 565 4000 littera
585 3956 605 3996 τ
627 3936 784 4018 leguntur.

215 4037 411 4121 Paginarnm
433 4035 657 4120 quadraginta,
682 4056 763 4120 quae
780 4036 942 4103 continent
957 4036 1039 4102 hanc
1053 4034 1203 4115 litteram,
1227 4030 1284 4105 des

1027 4136 1079 4189 13*
