2812 4822
291 349 471 417 Quaestiones
490 348 523 402 de
539 349 617 405 Aelio
635 348 763 417 Dionysio
781 352 810 402 et
826 349 965 405 Pausania
981 348 1114 406 atticistis.
1221 352 1280 412 187

117 514 223 605 τρύγη
248 516 317 604 γὰρ
340 515 609 605 ὁΔημητριουιὸς
631 516 769 602 καρπός,
794 541 876 604 quae
899 522 996 604 paulo
1011 528 1132 588 mutata
1146 523 1282 591 redeunt

120 621 214 706 apud
238 622 292 688 ut.
311 624 352 688 M.
369 642 402 705 p.
419 625 492 706 637,
509 626 550 685 24
572 642 597 688 s.
612 642 642 687 u.
667 613 974 708 ἀτρυγηφάγος·
999 621 1107 709 ιρύγη,
1130 618 1282 712 ὃΔημη-

122 721 270 810 τριακὰς
301 719 447 807 καρπός·
479 720 515 798 ἐξ
542 713 580 786 οὗ
609 720 835 808 τρυγηφάγος·
865 725 921 788 καὶ
951 723 1154 808 πλεονασμῷ
1181 728 1240 790 τοῦ
1265 749 1281 790 ο

125 819 363 913 ἀτρυγηφάγος
379 825 504 891 omissis
516 826 624 891 uerbis
640 824 748 890 Photii
763 822 822 890 τὸν
832 823 1058 911 κριθοφάγον·
1080 817 1282 909 Ἀρχίλοχος.

214 929 262 994 At
283 927 403 993 dixerit
425 926 587 1010 quispiam
609 927 835 1010 Etymologum
858 947 916 992 sua
938 947 979 992 er
993 926 1110 993 Photio
1125 930 1182 994 uir
1197 949 1282 995 sum·

128 1032 253 1116 psisse,
283 1049 355 1096 oum
382 1030 478 1095 ctiam
500 1028 541 1093 ab
563 1028 728 1110 Hesychio
751 1029 804 1093 uel
826 1028 1010 1093 Herodiano
1032 1035 1142 1113 petere
1165 1049 1203 1096 ea
1225 1051 1281 1113 po·

128 1133 238 1198 tuerit.
277 1130 343 1197 Sed
365 1135 400 1195 tu
421 1131 493 1213 ipse
514 1131 639 1212 glossas
661 1130 811 1213 aspicias.
845 1130 987 1195 Primum
1003 1130 1184 1211 Hesychius
1199 1131 1281 1199 haec

127 1234 269 1317 praebet
291 1252 315 1298 s.
339 1251 369 1298 u.
394 1222 702 1316 ἀτρυγηφάγου·
733 1227 941 1316 πολυφάγου.
964 1228 1064 1317 τρύγη
1086 1228 1149 1316 γὰρ
1171 1225 1188 1296 ὃ
1213 1236 1283 1318 Δη-

127 1330 318 1421 μητριακύς
339 1329 478 1415 καρπός,
506 1353 640 1415 quorum
664 1335 733 1399 sola
754 1335 788 1398 in
810 1334 1035 1417 thmologico
1058 1333 1099 1398 Μ.
1123 1336 1284 1418 conspicis

125 1438 235 1503 uerba
255 1436 440 1518 nouissima,
463 1455 547 1518 quae
567 1441 678 1501 tamen
699 1436 894 1518 neutiquam,
919 1455 990 1501 oum
1013 1455 1053 1500 ea
1067 1437 1126 1502 sub
1141 1437 1250 1502 littera
1263 1462 1285 1501 α

126 1539 351 1622 reperiantur,
380 1537 421 1602 ab
450 1537 642 1618 thmologo
671 1536 845 1603 secundum
875 1556 996 1601 morem
1026 1537 1220 1619 excerpendi
1250 1540 1285 1603 in

126 1638 360 1724 componenda
381 1639 489 1703 littera
511 1660 528 1700 ο
552 1637 731 1721 descripta,
755 1637 813 1704 sed
835 1637 971 1704 fortasse
994 1639 1185 1703 in'alterum
1207 1640 1284 1705 arti·

127 1743 251 1823 culum,
275 1740 330 1822 qui
346 1745 394 1805 est
408 1759 439 1823 p.
459 1742 529 1821 167,
546 1741 583 1802 21
603 1759 626 1804 s.
643 1759 672 1803 u.
690 1732 932 1822 ἀτρύγετος,
955 1740 1110 1805 translata
1125 1746 1205 1804 sunt.
1240 1741 1284 1806 At

127 1863 212 1909 uero
234 1862 277 1908 ne
298 1840 380 1906 haec
402 1839 533 1923 quidem
554 1842 712 1906 sententia
734 1847 817 1906 stare
833 1846 949 1923 potest,
973 1860 1044 1906 cum
1060 1841 1106 1905 ibi
1121 1846 1285 1907 auctorem

128 1944 279 2028 appellet
309 1943 519 2027 Hlymologus
548 1941 782 2009 Herodianum:
813 1935 1054 2027 ἀτρύγετος·
1082 1935 1190 2028 (παρὰ
1212 1935 1281 2006 θῖν’
1391 1973 1399 1983 ‚

132 2041 219 2121 ἁλὸς
242 2035 455 2128 ἀτρυγέτοιά.
479 2040 574 2129 παρά
596 2041 655 2109 τὸν
679 2041 831 2127 αἰγιαλὸν
853 2045 911 2129 τῆς
932 2041 1110 2129 θαλάσσης
1132 2046 1191 2127 τῆς
1207 2036 1286 2108 ἀκα-

129 2145 326 2232 ταπονήτου
348 2145 404 2210 καὶ
427 2145 570 2231 πολλῆς·
592 2134 614 2231 ἢ
636 2147 695 2230 τῆς
718 2137 880 2229 ἀκάρπου.
905 2142 1009 2226 εἰμὲν
1025 2143 1119 2229 παρὰ
1135 2143 1194 2232 τὴν
1209 2143 1288 2231 τρύ-

130 2273 204 2336 γην,
228 2242 274 2324 ὦς
296 2245 396 2325 ἐ’νιοι,
427 2238 464 2311 οὗ
487 2243 677 2324 πλεονάζει·
706 2242 817 2332 [τρύγη
840 2245 876 2310 δέ
898 2243 988 2312 ἐστιν
1010 2241 1028 2311 ὁ
1052 2245 1288 2334 Δημητριακὸς

130 2347 282 2434 καρπός,
311 2339 426 2434 ὥσπερ
446 2341 539 2413 ‘daco
561 2345 706 2432 κήλωνος
728 2339 965 2433 ἀτρυγηφάγού
993 2340 1065 2412 ἀντὶ
1086 2350 1146 2412 τοῦ
1167 2353 1287 2430 κριθο-

132 2451 259 2540 φάγου,
283 2448 369 2516 κατὰ
391 2448 605 2532 πλεονασμὸν
627 2451 687 2514 τοῦ
709 2473 736 2529 ο,
761 2445 806 2526 ιύς
824 2447 880 2514 ἐπὶ
903 2451 962 2514 τοῦ
976 2448 1106 2535 κρυόεις
1127 2441 1287 2535 ἀκρυάεις.

129 2549 181 2630 ὥς
195 2550 292 2638 παρὰ
306 2545 496 2637 Ἀρχιλόχῳ,
518 2550 639 2637 τρύγαν
663 2543 720 2616 οὐκ
736 2548 887 2632 ἐ’χουοαν·
910 2540 931 2637 ἢ
947 2549 991 2637 μὴ
1006 2555 1230 2639 τρυγιομένην·
1255 2552 1289 2618 ολ

130 2655 180 2736 δέ,
205 2649 365 2740 ἄδενδρον
374 2651 392 2739 ]
420 2651 450 2718 εἰ
473 2650 626 2737 δὲπαρά
649 2650 686 2718 τὸ
710 2652 829 2736 τρύειν,
853 2651 1039 2731 πλεονάζει.
1064 2647 1203 2737 ἀτρυτος
1225 2652 1289 2740 γὰρ

130 2749 307 2841 ἀτρύετος,
323 2757 380 2821 καὶ
395 2755 598 2839 πλεονασμῷ
613 2757 672 2819 τοῦ
685 2778 714 2839 γ,
738 2748 923 2840 ἀτρύγετος.
947 2746 1052 2830 οὕτως
1065 2749 1289 2838 Ἡρωδιανύς.

131 2860 211 2925 Huc
240 2859 418 2925 referuntur
447 2858 547 2923 uerba
573 2858 664 2923 uncis
694 2858 832 2940 inclusa,
862 2876 962 2940 quae,
992 2857 1027 2922 id
1057 2857 1143 2939 quod
1173 2877 1290 2924 nomen

131 2960 317 3028 Herodiani
345 2961 379 3025 in
405 2959 470 3026 fine
499 2961 682 3042 appositum
711 2960 870 3042 declarat,
900 2979 941 3024 ex
970 2959 1063 3025 huius
1087 2979 1184 3045 opere
1208 2956 1289 3044 [soil.

134 3063 219 3147 περὶ
241 3057 390 3146 wadrici,
413 3082 477 3127 una
498 3068 606 3127 tamen
630 3082 702 3128 oum
725 3063 831 3127 uerbis
856 3058 886 3124 εἰ
900 3059 960 3142 μὲν
976 3058 1069 3144 παρὰ
1084 3058 1144 3146 τὴν
1159 3059 1289 3148 τρύγην,

133 3159 184 3240 ιύς
213 3161 313 3243 ἔνιοι,
342 3155 380 3228 οὗ
409 3161 586 3240 πλεονάζει
615 3170 647 3228 et
670 3159 700 3226 εἰ
723 3161 759 3226 δὲ
781 3159 875 3246 παρὰ
897 3159 935 3227 τὸ
959 3160 1084 3248 τρύειν,
1114 3161 1292 3240 πλεονάζει

134 3266 315 3349 fluxerunt,
345 3285 443 3348 quare
464 3265 564 3331 Lenta
592 3265 660 3331 fero
690 3271 788 3331 totam
816 3267 955 3348 glossam
983 3265 1059 3331 inde
1087 3267 1235 3332 auerbis
1260 3263 1291 3329 εἰ

136 3367 200 3448 μὲν
223 3389 261 3431 π.
282 3390 311 3431 τ.
335 3368 368 3432 in
390 3367 568 3434 Herodiani
596 3367 775 3448 fragmenta
803 3368 947 3450 recipere
976 3366 1103 3450 debuit,
1133 3387 1198 3432 non
1220 3368 1292 3435 sola

138 3469 243 3534 uerba
271 3475 347 3534 torn.
371 3469 412 3532 ll.
436 3489 468 3552 p.
494 3473 554 3532 174
583 3470 673 3534 uncis
702 3469 825 3534 inclusa
853 3469 934 3543 (iure
963 3468 1088 3534 omissis
1116 3469 1182 3534 illis
1202 3456 1223 3552 ἢ
1245 3465 1289 3554 μὴ

142 3572 372 3654 τρυγοιμένην·
398 3567 431 3632 οἱ
453 3568 498 3640 δέ,
524 3563 708 3653 ἀδενόρον),
732 3575 764 3634 ct
785 3575 860 3635 tom.
876 3570 916 3633 ΙΙ.
940 3590 971 3654 p.
989 3572 1050 3633 284
1073 3570 1186 3651 uerba,
1210 3589 1293 3651 quae

137 3691 242 3737 uncos
270 3676 435 3738 secuntur:
465 3667 560 3754 παρὰ
588 3668 626 3735 τὸ
656 3668 766 3756 τρύειν
789 3670 903 3735 πλεον.
936 3672 1021 3737 Nam
1044 3674 1210 3753 quominus
1232 3671 1292 3736 illa

137 3772 243 3837 uerba
265 3769 295 3834 εἰ
317 3769 377 3850 μὲν
399 3793 436 3834 π.
453 3794 481 3834 τ.
497 3795 547 3855 τρ.
564 3777 636 3837 cett.
653 3771 858 3837 Herodianea
881 3791 951 3838 esse
974 3778 1130 3854 putemus,
1153 3771 1209 3834 uix
1232 3771 1291 3835 im·

135 3871 255 3956 pediat
284 3872 365 3937 illud
385 3863 503 3955 εἐ’νιοί,
533 3872 620 3955 quod
647 3874 711 3937 iam
739 3873 825 3955 apud
848 3873 1067 3939 Herodianum
1088 3872 1154 3954 legi
1176 3872 1292 3954 potuit.

134 3974 257 4056 ltaque
280 3993 322 4040 ex
345 3973 530 4040 Herodiano
546 3975 755 4058 Etymologus
772 3973 940 4057 deriuauit,
964 3991 1046 4056 quae
1062 3974 1121 4039 sub
1136 3974 1242 4037 littera
1260 3995 1292 4054 α,

136 4095 184 4141 cx
201 4073 329 4158 Photio,
353 4095 435 4157 quae
455 4076 514 4142 sub
529 4078 639 4142 littera
654 4098 671 4138 ο
687 4081 821 4157 exstant,
845 4076 891 4141 ita
906 4075 1046 4158 quidem,
1062 4080 1097 4139 ut
1110 4073 1160 4139 his
1175 4073 1292 4156 glossis

192 4180 315 4234 Laipsiger
327 4181 430 4223 Studien.
449 4182 507 4225 VIII.
1058 4176 1089 4225 13
1304 4185 1308 4193 “
