2856 4800
248 296 426 369 Quaationas
444 298 478 355 (le
494 299 572 356 Aelio
590 299 720 372 Dionysio
737 307 766 358 al
782 302 919 359 Pausania
936 304 1070 361 alliciatis.
1174 307 1249 374 221,

10 458 30 524 3¹⁷
77 462 335 559 ἂναφερύμενοι
357 467 391 536 ἐκ
412 473 479 536 τών
500 475 685 554 καιομένων
708 471 822 555 ξύλων,
846 474 896 542 his
918 477 1117 560 praemissis:
1141 475 1239 564 δηλοῖ

10 580 25 623 l·
75 568 257 661 ὅγράψας
274 567 353 658 [soil.
369 565 541 660 Ἅριστοφ.
557 576 592 640 in
605 575 744 642 Acham.
761 598 790 642 u.
804 580 865 641 279
882 577 932 644 ed.
948 575 1073 665 Mein.]·
1095 572 1114 665 ἦ
1132 571 1238 658 άσπίς

10 681 18 707 l
73 672 112 743 b
126 677 183 762 τῷ
200 672 347 763 φεψάλῳ
362 673 570 760 κρεμήσεται,
595 668 805 763 άμεληθεῑσα
828 676 982 763 δηλονότι
1005 677 1061 744 διὰ
1083 677 1121 746 τὸ
1146 679 1237 767 εἰρή-

70 802 141 868 νην
154 772 257 845 εἶναι.
285 775 506 863 παράφρασις
528 775 564 842 δὲ
586 776 723 854 πάντως
743 781 803 844 τοῦ
824 782 953 845 καπνοῦ
974 787 1183 863 προκεῖσθαί
1203 807 1238 851 τι
1268 796 1271 801 ’

65 876 117 949 τὸ
142 876 182 947 έν
204 872 351 967 φεψάλφ
372 881 573 964 κρέμασθαι.
612 880 812 947 conueniunt
833 903 905 949 eum
920 883 1104 967 Etymologi
1127 887 1237 967 glossa

53 982 222 1055 ,Ἠλιοθσο
238 987 271 1048 et
284 982 438 1064 lexicogr.
454 981 596 1067 Baahm.‚
620 981 738 1051 Suidas
753 984 835 1050 inter
849 984 915 1051 alia
930 987 1027 1051 etiam
1048 986 1106 1051 illa
1128 985 1235 1053 habet.

171 1088 224 1149 11.
250 1085 300 1150 Et.
316 1083 358 1148 Μ.
382 1103 414 1166 p.
428 1086 499 1166 789,
514 1086 569 1148 19:
593 1082 862 1170 φατνώματα·
887 1083 1113 1168 σανιδώματα,
1137 1089 1234 1173 στέγη

63 1184 264 1273 διάγλυφα.
298 1184 456 1251 Conuenit
476 1184 662 1252 Eustalhius
685 1207 715 1270 p.
730 1190 802 1270 547,
814 1191 848 1253 2:
870 1189 930 1274 τῆς
942 1187 977 1253 δὲ
994 1185 1121 1275 φάτνης
1138 1211 1235 1270 πρω-

61 1286 229 1359 caestor
249 1283 288 1352 τὸ
312 1297 431 1372 φαγεῖν
453 1273 475 1371 ἢ
495 1283 533 1350 τὸ
558 1284 742 1352 πάσασθαι
767 1285 867 1352 κατὰ
890 1287 984 1366 τούς
1006 1288 1235 1371 παλαιούς,

61 1384 88 1461 o'
116 1387 201 1458 ἐστι
220 1385 420 1473 γεύσασθαι.
454 1378 537 1452 ὅθεν
559 1390 616 1453 καὶ
637 1387 813 1475 φατνωτύν
836 1411 944 1476 φασι
967 1387 1046 1476 [soil.
1070 1391 1108 1457 oi
1130 1389 1238 1479 παλ]
1303 1419 1306 1423 ⁴

59 1490 112 1563 τὸ
139 1487 333 1559 σανιδωτδν
354 1491 411 1554 καὶ
433 1487 642 1576 φατνώματα
659 1488 886 1573 σανιδώματα,
910 1495 1026 1580 στέγης
1047 1491 1235 1580 διάγλυφα·

58 1594 164 1679 κτλ,
197 1594 267 1678 qui,
290 1598 325 1658 ut
347 1612 444 1676 supra
465 1613 497 1676 p.
513 1595 575 1656 203
598 1594 721 1676 monui,
750 1600 871 1659 rectam
891 1595 1062 1662 lectionem
1084 1597 1235 1680 praebet:

59 1697 201 1783 πίγης
223 1691 329 1778 διαγλ.
373 1692 558 1777 Congruunt
583 1714 654 1760 eum
677 1695 870 1778 Etymologo
893 1695 1011 1763 Suidas
1035 1701 1067 1762 et
1087 1696 1239 1764 Plotius.

59 1795 266 1883 Hesychius
288 1794 386 1861 habet
409 1791 544 1881 φατνώ
552 1811 676 1876 ματα·
701 1792 917 1878 σανιδώματα
939 1818 999 1865 nee
1021 1799 1123 1881 plura.
1237 1836 1241 1859 2

10 1904 14 1981 j
170 1901 221 1963 12.
250 1898 300 1962 Ei.
315 1897 357 1962 M.
381 1918 412 1981 p.
425 1900 498 1980 410,
512 1899 568 1961 20:
593 1893 612 1973 ζ
618 1901 750 1983 ειραί·
770 1898 908 1977 χιτῶνες
923 1889 1240 1980 άνακεκολπωμένοι·

10 1986 12 2043 Ῐ
59 1988 89 2089 ἢ
117 1991 303 2067 ἆκάκωλοι.
340 1997 518 2083 Ξενοφῶν·
541 1999 597 2063 καὶ
621 1994 730 2083 ζειρὰς
750 2002 846 2083 μέχρι
867 1999 1064 2064 τώνποδών
1087 1997 1145 2064 ἐπὶ
1166 2001 1239 2065 τών.

10 2182 12 2187 Ι
59 2100 203 2173 ἵππων
225 2096 370 2180 ἐ’χουσιν,
401 2089 475 2162 ἀλλ’
503 2089 540 2162 ού
560 2097 741 2180 χλαμύδας.
779 2092 884 2177 ούτως
913 2099 961 2178 εἰς
988 2097 1025 2167 τὸ
1051 2097 1238 2188 ῥητορικόν.

58 2203 125 2274 Of.
142 2222 245 2286 supra
258 2223 291 2286 p.
304 2203 376 2283 201,
399 2201 456 2266 ubi
470 2199 549 2266 mihi
565 2201 773 2285 premendum
789 2209 866 2286 erat,
886 2204 1114 2287 Etymologum
1130 2204 1240 2269 solum.

58 2304 254 2375 laesionem
276 2303 433 2385 integram
457 2293 769 2383 άνακεκολπωμένοι
792 2323 954 2386 seruasse,
977 2323 1074 2387 quam
1090 2301 1240 2387 Phallas:

59 2404 219 2488 fluidas,
245 2405 396 2470 Timaeus
418 2405 452 2468 in
471 2393 800 2485 ‘aveasaolappsvot'
823 2410 1038 2489 corruperunt.
1084 2403 1238 2470 Glossana

60 2513 192 2577 autem
213 2526 256 2573 ax
275 2505 458 2571 alterutrius
476 2506 636 2572 atticislae
658 2506 764 2573 lexico
786 2505 946 2573 rhetorico
968 2525 1117 2573 manasse
1139 2505 1238 2572 δασεῖ

61 2607 270 2677 Εσελείλιίσε
285 2628 316 2692 p.
330 2608 403 2690 837,
414 2609 470 2670 40:
495 2596 581 2671 ούτω
598 2604 635 2670 δέ
650 2629 753 2694 φασι
774 2609 831 2673 καὶ
850 2606 940 2689 ζεῖρα
962 2603 998 2684 ἒξ
1018 2601 1140 2691 ὁμοίας
1156 2621 1239 2693 τρο-ἵ

62 2711 151 2796 πῆς
174 2706 309 2792 ἐγένετο,
333 2711 524 2793 συγκειμένη
547 2708 602 2771 καί
627 2701 707 2790 αύτὴ
731 2706 826 2793 παρὰ
848 2707 885 2772 τὸ
911 2707 979 2773 δεῖν
1001 2702 1078 2791 ἤτοι
1101 2707 1238 2788 δεσμεῖν,

64 2806 198 2879 καὶτὸ
224 2809 334 2896 ε’ίρειν.
373 2814 529 2895 σημαίνει
551 2807 589 2872 δέ
610 2829 715 2894 φασι
746 2804 824 2892 [scil.
850 2807 890 2872 οἱ
911 2804 1015 2892 παλ]
1048 2804 1150 2892 ζώνην
1177 2808 1233 2872 καὶ

64 2912 207 2999 χιτῶνα
228 2913 284 2976 καί
303 2909 466 2992 χλαμύδα,
489 2907 528 2995 ἣν
550 2912 646 2996 μέχρι
666 2911 722 2974 καὶ
746 2905 861 2994 ἓσάρτι
881 2911 1178 2996 παραφθείροντες
1200 2905 1238 2972 οἱ·

70 3014 254 3099 Λυκιανοί
275 3007 435 3099 ἡμίζαρον
459 3012 619 3096 λέγουσιν.
657 3012 784 3078 Similia
804 3013 892 3097 apud
914 3011 1179 3097 lexicographum
1195 3011 1237 3091 V.

68 3113 189 3185 Bokk.
211 3117 234 3180 l.
247 3136 274 3181 a.
296 3136 328 3198 p.
344 3117 416 3197 260,
430 3118 486 3180 31:
522 3112 650 3200 ζειρά·
680 3112 782 3201 ζώνης
811 3107 909 3190 εἶδος.
946 3102 1113 3199 ἢένδυμά
1135 3135 1185 3191 τι,
1213 3106 1238 3177 ὃ·

72 3213 319 3285 ἔπενεδύνοντο
338 3213 423 3298 μετὰ
444 3212 522 3291 τούς
541 3217 685 3296 χιτώνας
708 3206 822 3302 ὥσπερ
846 3212 1043 3302 ἐφεστρίδα·
1070 3204 1233 3296 ὅπερκαί

70 3317 221 3405 μᾶλλον.
254 3319 369 3400 Neque
383 3319 490 3383 aliena
506 3323 587 3398 sunt,
604 3337 687 3400 quae
698 3317 881 3399 Hesychius
897 3315 938 3381 de
953 3315 1015 3380 hae
1029 3332 1109 3381 uoee
1124 3311 1238 3378 tradit.

78 3448 105 3479 -ε
172 3423 220 3486 13.
249 3420 300 3485 Et.
318 3419 360 3484 M.
389 3439 421 3502 p.
435 3422 510 3499 755,
528 3419 583 3482 38:
616 3413 849 3493 τευτάζειν·
883 3411 1184 3499 πραγματεύεσθαι
1212 3400 1235 3498 ἢ

71 3524 329 3607 σκευωρεῖσθαι
352 3508 373 3604 ἢ
396 3514 641 3605 στρατεύεσθαι
664 3514 754 3603 [corr.
771 3513 1045 3604 στραγγεύεσθαι]
1066 3518 1124 3583 καὶ
1145 3510 1238 3581 πολὺ

72 3622 268 3709 διατρίβειν
286 3620 319 3686 έν
335 3622 382 3705 τῷ
399 3611 497 3703 αύτῷ.
523 3617 727 3706 Λυκόφρων.
762 3609 858 3684 Ούτω
872 3620 928 3686 καί
943 3619 1102 3703 Δίδυμος,
1125 3634 1237 3700 προσ·Ι

10 3778 14 3809 ,
71 3724 163 3800 θείς
190 3715 244 3790 ὅτι
273 3719 379 3787 ἐνίοτε
406 3725 561 3806 σημαίνει
589 3721 643 3786 καὶ
672 3718 710 3786 τὸ
739 3719 936 3808 φροντίζειν.
978 3716 1168 3801 Ἡρακλέων
1196 3712 1237 3779 δὲ»

73 3816 386 3909 καταμεμψάμενος
415 3820 640 3909 Λυκόφρονύς
673 3820 792 3907 phos:
820 3820 912 3908 -ονα]
945 3842 1048 3908 φησιν
1076 3814 1163 3885 είναι
1192 3814 1236 3884 τδ,

74 3926 296 4014 ἐπιστρεφῶς
317 3949 352 3990 τι
373 3923 534 4011 πράττειν
555 3913 577 4010 ἢ
599 3921 750 4008 ἐνεργεῖν.
788 3919 901 4007 [Phot.¹
915 3923 1021 3989 addit:
1042 3922 1100 3988 καὶ
1119 3913 1236 4004 Ἀρτεε

76 4027 231 4117 μίδωρος
257 4022 296 4092 τδ
328 4023 525 4114 φροντίζειν.
564 4023 727 4112 Φρύνιχος
749 4020 925 4099 Μύσταις·
953 4017 1112 4110 μάστιγα
1131 4016 1172 4087 ’δ’
1199 4019 1238 4086 ἐν

976 4140 1031 4192 15*
