2812 4822
252 305 314 363 194
694 290 828 346 Henricus
845 288 957 360 Heyden

335 471 532 549 Glossarum,
555 481 637 548 quae
659 463 760 528 multo
783 462 945 527 uberiores
968 466 1097 527 exstant
1120 460 1154 524 in
1176 461 1399 546 Etymologic·

250 575 292 639 li.
316 592 413 655 quam
436 571 468 634 in
491 567 597 633 Photii
619 565 742 647 lexico,
766 564 980 647 principatum
1005 581 1089 645 quae
1111 568 1260 646 teneant,
1285 562 1399 647 digna·

250 680 323 741 sunt
309 673 449 739 tzduae
480 670 522 735 de
550 667 682 733 uocibus
712 662 885 730 ἑνδεκα1
853 672 885 730 et
912 661 1049 749 ἐσχάρα,
1080 683 1161 748 quas
1184 671 1217 731 et
1239 666 1351 732 Naber
1373 675 1405 735 et

250 775 379 858 Boysen
400 772 617 854 neglexerunt.

334 891 385 955 De
400 889 456 953 illo
471 886 715 953 Atheniensium
731 839 928 967 magistratu,
945 884 1000 966 qui
1014 890 1170 951 uocantur
1185 908 1224 950 οι
1214 883 1405 968 ε’νδεκα,

248 989 345 1057 tradit

248 1108 459 1190 Etymologns
487 1127 518 1191 p.
544 1107 621 1187 338,
646 1106 682 1167 31
715 1102 810 1169 haec:
839 1102 999 1186 Compara
1009 1102 1119 1168 Photn
1133 1104 1294 1171 obseruat'
1271 1111 1405 1190 tronem,

248 1199 464 1294 ίίληρωτοὶ
442 1227 595 1289 αρχοντες
610 1189 695 1290 ἦσαν
709 1197 811 1283 οὗτοι,
840 1223 922 1286 quae
942 1225 1014 1270 cum
1030 1205 1063 1268 in
1078 1202 1141 1271 fine
1155 1207 1283 1272 litterae
1299 1229 1315 1270 ε
1330 1229 1405 1274 con·

248 1304 815 1395 προεστηκοτεςτουδεσμωτηρου·
839 1306 947 1370 locata
968 1305 1019 1385 sit,
1041 1326 1105 1371 non
1127 1326 1277 1373 unacum
1293 1310 1405 1392 priore

247 1411 304 1474 καὶ
326 1431 405 1485 τους
429 1400 659 1491 ἀπαγομένους
673 1404 812 1492 κακούρ-
838 1412 930 1490 parte
942 1404 1275 1491 hurusleteraepem
1280 1412 1404 1494 :Hacx

247 1533 325 1594 γους
348 1506 408 1575 ἐπὶ
421 1507 572 1574 θάνατον
587 1505 812 1593 παραλαμβά-
838 1507 917 1570 τῶν
941 1503 1093 1570 ἕνδεκα.
1122 1497 1256 1572 Ἕνδεκα
1284 1503 1388 1592 άνδρε

248 1634 360 1687 νοντες
376 1606 541 1696 ἐζημίουν·
563 1607 641 1686 τούς
657 1601 811 1694 δέάμφι-
838 1600 923 1691 ὑπὲρ
951 1605 1194 1691 τετταράκοντα
1221 1608 1278 1697 ἔτη
1310 1635 1387 1696 γεγο

248 1713 452 1799 σβυτοῦντας
464 1709 595 1796 εἰσῆγον
607 1709 655 1787 εἰς
665 1706 703 1775 τὸ
718 1708 811 1774 δικα-
839 1707 941 1787 νότος,
963 1705 1074 1792 κλήρῳ
1088 1705 1149 1792 τὴν
1164 1700 1265 1796 ἀρχὴν
1279 1711 1386 1801 ταύτῃ

248 1811 401 1898 στήριον·
422 1814 479 1877 καὶ
499 1809 537 1877 τὸ
562 1810 714 1896 γνωσθὲν
733 1812 812 1895 περὶ
839 1807 1040 1891 ἐλάμβανον·
1054 1806 1274 1891 ἐπεμελοῦντο
1288 1812 1400 1878 δέτιῦ

249 1906 359 1979 αὐτῶν
371 1911 547 1997 ἐπραττον.
564 1911 706 1998 Εἰσῆγον
714 1911 812 1976 δὲκαὶ
840 1909 874 1975 ἐν
885 1909 1119 1996 δεσμωτηρίῳ·
1141 1911 1286 1989 κλέπτας
1300 1913 1403 1982 δὲκαὶ

247 2008 810 2100 τάάπογραφόμεναχωρία,οἰκίας·
840 2009 1037 2087 λωποδύτας
1048 2013 1104 2077 καὶ
1120 2003 1402 2099 άνδραποδιστάς,

247 2111 369 2181 καὶτὰ
393 2111 538 2199 δημόσια
560 2109 646 2179 είναι
669 2111 812 2188 δόξαντα
839 2111 869 2178 εἰ
891 2112 951 2195 μὲν
973 2105 1029 2176 ἐπ’
1046 2105 1233 2200 αὐτοφώρῳ
1256 2115 1401 2201 λάβοιεν,

247 2213 452 2302 παρεδίδουν
467 2227 538 2290 τοῖς
547 2215 714 2291 πολίταις.
731 2212 812 2279 Εἰσ-
839 2212 993 2292 ἐκόλαζον
1016 2213 1172 2300 θανάτῳ·
1198 2214 1287 2282 εἰδὲ
1309 2211 1401 2285 ἀντι·

247 2313 636 2402 ῆγονδὲένίαςένδείξεις.
646 2315 812 2403 ῥητορική.
840 2317 981 2401 λέγοιεν,
1011 2313 1060 2392 εἰς
1088 2321 1196 2402 κρίσιν
1217 2322 1398 2388 καθίστων.

334 2469 399 2535 Res
421 2467 591 2532 manifesta
614 2475 675 2533 est:
699 2468 909 2551 Etymologus
931 2469 973 2533 Μ.
995 2490 1060 2534 non
1082 2469 1178 2536 modo
1201 2470 1308 2536 uerbis
1324 2471 1397 2540 inde

250 2587 270 2632 a
290 2561 358 2630 ‘aot
381 2563 419 2630 τὸ
444 2557 606 2649 γνωσθέν’
632 2587 734 2650 usque
748 2568 791 2634 ad
803 2559 979 2644 ‘tabelias'
997 2571 1123 2655 plenior
1139 2577 1188 2638 est
1203 2591 1298 2656 quam
1317 2573 1396 2641 Pho-

249 2669 327 2751 tius,
358 2688 470 2734 uerum
498 2667 594 2733 etiam
616 2675 707 2750 parte
728 2671 834 2753 priore
858 2671 903 2734 ita
926 2690 997 2736 cum
1018 2672 1203 2755 patriarcha
1225 2672 1396 2762 discrepat,

250 2776 293 2852 ut,
318 2769 465 2853 quamuis
487 2788 546 2834 sua
568 2773 701 2852 uterque
717 2791 759 2836 ex
774 2773 932 2837 communi
947 2773 1035 2839 fonte
1050 2773 1215 2858 deriuarit,
1238 2795 1398 2859 nunquam

249 2870 460 2953 Etymologus
494 2869 577 2935 hanc
609 2871 750 2953 glossam
777 2871 969 2940 rhetoricam
1000 2894 1042 2940 ex
1070 2875 1186 2942 Photio
1216 2875 1398 2945 describere

248 2989 291 3052 po
293 2971 397 3036 tuerit.

249 3087 361 3154 Altera
383 3088 492 3171 glossa
513 3086 630 3169 legitur
652 3089 701 3153 ut.
717 3090 775 3154 li.¹
771 3090 920 3197 Photins
935 3095 1070 3176 praebet
1057 3095 1143 3163 thac
1157 3096 1199 3164 de
1216 3116 1297 3164 uoce
1312 3099 1397 3181 quin·

250 3205 282 3268 p.
305 3191 376 3272 354,
394 3192 449 3251 10:
473 3183 641 3271 ἐσχάρα·
661 3179 775 3306 ’li-m·
771 3146 848 3291 :que
871 3195 1102 3277 expositiones.

250 3283 379 3363 δοςκ’“
384 3310 490 3373 παρος
507 3283 652 3372 εσχαραι
684 3280 775 3355 ἀντί’
831 3289 903 3372 1)²
889 3293 1059 3381 εσχάρα·
1091 3289 1198 3382 νέπὶ
1223 3321 1284 3383 γνς
1306 3295 1398 3365 εστί

248 3409 309 3451 του
325 3394 439 3471 πιραί
455 3394 683 3473 πυρκαῖαί.-
643 3390 758 3478 -δρ-
772 3391 1120 3481 ὣστρογγιλοειδίςμ
1102 3391 1160 3486 αφ’
1191 3390 1231 3482 ἧς
1261 3396 1399 3486 ἐσχάρας

250 3485 304 3552 λοῑ
320 3484 388 3552 δὲ(
370 3513 389 3573 r,
407 3487 495 3564 λέξις
508 3491 564 3554 καὶ
575 3487 633 3574 τὴν
646 3488 759 3558 ἑστίαν
786 3496 921 3581 λέγομεν
937 3496 1045 3563 καὶτὰ
1057 3501 1154 3565 κοῖλα
1165 3500 1221 3564 καὶ
1232 3504 1398 3588 περιφερῆ

249 3589 307 3652 καὶ
334 3586 392 3654 τὸν
415 3585 522 3674 ῥύπον
543 3592 599 3655 καὶ
620 3589 657 3656 τὸ
681 3619 758 3659 καυ-
787 3595 878 3684 ἕλκη·
902 3592 971 3662 οδε
986 3599 1109 3682 βωμός,
1125 3599 1163 3666 τὸ
1182 3598 1216 3667 ἐν
1231 3594 1314 3685 ὕψει
1331 3601 1397 3669 ἔστ’

248 3686 347 3754 θέν”
330 3691 422 3766 ελκος
436 3692 492 3755 καὶ
506 3687 565 3755 τὸν
576 3690 739 3774 βωμόν,’
714 3719 760 3772 ως
787 3694 873 3782 πρὸς
894 3702 1019 3765 θυσίαν
1043 3700 1169 3785 οἷκοδόρ
1157 3728 1262 3789 μημα.

249 3783 329 3875 παρ’
356 3789 580 3877 Είριπίδῃέν
599 3787 759 3876 Ἠρακλεῖ.
830 3796 898 3875 2)'
884 3798 1051 3885 εσχάρα
1075 3801 1219 3888 ἐσχάραν
1242 3808 1329 3891 φησι
1343 3831 1385 3871 κα

250 3891 308 3953 καὶ
339 3888 400 3975 τὴν
431 3897 553 3978 κυρίως
586 3893 838 3984 λεγομένηνί
787 3898 838 3964 λεί
840 3902 924 3964 σθαι
934 3906 1131 3989 Λυκουργος
1146 3928 1203 3968 και
1191 3897 1406 3988 Αμμωνιο

251 3983 395 4074 ἐσχάραν
445 3997 530 4078 φασὶ
582 3996 823 4065 καλεῖσθαι
787 4024 846 4085 την
857 3998 1166 4090 μὴέχουσανάψος,
1190 3996 1290 4068 ἄλλ’)
1277 4008 1406 4093 επὶγῆ

38 4232 346 4496 Λ
