2856 4800
250 471 312 529 200
694 471 827 527 Henricus
844 469 956 540 Hsyden

249 641 384 709 Photius
406 644 607 711 consentiunt
628 644 661 707 in
683 645 790 709 uerbis
813 639 884 706 ἐ’σιι
907 640 942 705 δὲ
957 639 1075 717 πάθος
1088 661 1190 724 usque
1204 639 1249 706 ad
1269 634 1399 721 ‘estpa-

248 737 331 829 τος),
354 753 462 812 tamen
484 746 740 812 obseruationem
755 744 948 829 Etymologi,
972 746 1091 828 quippe
1113 762 1196 829 quae
1214 746 1347 827 plenior
1361 745 1400 810 sit

248 848 357 914 uerbis
377 839 651 912 ‘transmiseras
666 844 727 932 γὰρ
749 848 798 930 τῴ
821 844 952 927 σώματι
974 838 1031 911 οὐκ
1054 845 1103 923 εἷς
1124 841 1231 930 ὄγκοι,
1255 838 1336 911 dtt’
1354 846 1399 925 εἰς

249 946 378 1024 πλάτος
399 949 454 1013 καὶ
475 950 586 1035 μῆκος,
610 970 674 1016 non
696 969 737 1016 ex
752 949 860 1016 Photii
868 952 899 1030 ¹),
921 949 980 1015 sed
994 950 1077 1016 alius
1093 949 1260 1016 cuiusdam
1277 951 1397 1019 lexico

250 1050 366 1135 graphi
389 1072 486 1136 opere
508 1050 641 1118 fluxisse
663 1057 797 1135 oportet.
833 1051 905 1116 Huc
926 1049 1061 1133 aceedit,
1084 1051 1171 1134 quod
1193 1053 1227 1116 in
1242 1051 1399 1120 codicel

247 1153 461 1238 Etymologici
483 1153 525 1216 M.
548 1172 662 1218 reuera
683 1153 791 1234 glossa
806 1150 914 1216 Photii
937 1152 978 1218 de
1000 1149 1062 1218 hac
1083 1172 1164 1219 uoce
1184 1145 1338 1240 ῑἕριιήιοί
1356 1155 1396 1220 le

246 1250 967 1339 gitur-omissaformuladpropcmi
1005 1252 1398 1331 QuomodohaecMabcr

246 1363 279 1424 et
301 1357 429 1438 Boysen
451 1353 681 1436 explicabunt?

332 1458 401 1520 Iam
416 1453 511 1520 finem
528 1454 621 1520 huius
632 1454 827 1539 paragraphi
840 1458 959 1524 faciant
968 1460 1096 1541 glossae
1108 1459 1157 1523 Et.
1169 1459 1210 1522 Μ.
1225 1478 1256 1542 p.
1272 1450 1349 1544 386,
1361 1463 1398 1524 49

247 1554 375 1642 ἐτήσιοι
390 1558 482 1623 etEt.
494 1557 536 1622 M.
547 1578 578 1640 p.
594 1559 665 1639 784,
679 1561 719 1620 40
730 1550 920 1638 ὑπωμοσίο,
938 1580 1026 1643 quas,
1042 1579 1237 1643 quamquam
1247 1560 1397 1627 aPhotio

245 1661 358 1743 paucis
385 1666 506 1725 tantum
535 1659 643 1725 uerbis
666 1658 866 1746 discrepant,
896 1668 1003 1728 tamen
1024 1662 1179 1728 hocloco
1202 1664 1325 1730 ceteris
1346 1683 1398 1730 ex·

246 1763 361 1846 amplis
382 1761 503 1827 addere
525 1762 630 1826 liceat.

250 1967 312 2041 §3.
336 1965 616 2049 Etymologum
630 1966 672 2030 M.
688 1967 728 2031 in
749 1967 891 2032 multis
907 1967 1060 2048 glossis
1076 1965 1397 2035 rhetoricislec·

244 2070 577 2150 tionemrectam,
599 2067 784 2133 Photium
801 2068 946 2132 falsam
962 2066 1175 2150 exhibere,
1199 2089 1301 2152 ergo
1317 2091 1398 2138 cor·

244 2168 431 2250 ruptelas
455 2168 646 2250 quasdam
669 2188 894 2234 communes
917 2169 966 2234 ad
988 2169 1399 2238 fontemcommnnem

493 2270 734 2336 referendas
758 2290 847 2337 esse
870 2271 1146 2337 confirmatur.

330 2405 488 2484 Quoniam
521 2403 735 2490 paragraphis
763 2406 868 2490 prima
897 2412 929 2471 et
955 2408 1059 2472 altera
1088 2407 1293 2474 documentis
1321 2409 1399 2476 satis

243 2509 412 2575 luculentis
435 2507 580 2591 ostendi,
603 2508 727 2590 glossas
749 2508 933 2592 Etymologi
955 2509 996 2573 M.
1020 2508 1196 2575 rhetoricas
1219 2528 1261 2575 ex
1286 2509 1397 2576 Photii

244 2610 512 2695 explicationibus
528 2614 614 2674 ortas
628 2629 693 2674 non
708 2629 790 2692 esse,
814 2608 876 2674 hac
892 2615 1035 2675 extrema
1050 2612 1165 2694 capitis
1180 2611 1280 2694 primi
1296 2631 1395 2695 quae

243 2712 345 2777 stione
374 2713 503 2777 tertium
524 2712 644 2776 Naberi
674 2716 706 2776 et
727 2711 870 2793 Boyseni
893 2718 1124 2796 argumentum,
1149 2711 1235 2796 quod
1257 2734 1305 2780 ex
1328 2735 1398 2782 cor·

242 2813 378 2896 ruptelis
400 2811 519 2878 ducunt
542 2812 735 2895 Etymologo
759 2811 800 2875 M.
825 2818 858 2877 et
879 2810 995 2878 Photio
1019 2814 1253 2896 communibus,
1278 2818 1395 2899 paucis

242 2903 364 2963 tantum
379 2898 559 2982 infringam,
582 2897 771 2980 praesertim
795 2917 865 2963 cum
880 2897 1001 2980 Freyer
1016 2899 1036 2962 l.
1054 2919 1079 2963 c.
1095 2919 1126 2982 p.
1141 2900 1282 2982 asssqq.
1300 2901 1396 2968 istam

240 2999 347 3064 leuem
369 3000 676 3082 argumentationem
698 2991 830 3082 Naberi,
854 3019 917 3081 qua
939 3000 1032 3082 proll.
1046 3020 1078 3083 p.
1097 3002 1157 3063 165
1173 2999 1396 3070 demonstrare

242 3101 358 3181 studet,
381 3121 401 3165 a
421 3101 522 3166 Suida
544 3120 670 3182 quoque
693 3099 843 3166 Photium
866 3120 936 3167 esse
959 3102 1177 3184 compilatum,
1200 3104 1395 3184 grauissimo

242 3202 415 3285 castigarit.
459 3203 571 3284 Itaque
600 3203 707 3268 statim
734 3203 939 3284 accingamus
965 3223 1024 3268 nos
1046 3203 1089 3267 ad
1111 3204 1235 3286 glossas
1257 3203 1395 3272 rhetori·

242 3323 296 3370 cas
320 3304 568 3386 enumerandas,
600 3323 734 3386 quarum
763 3305 848 3369 aliae
877 3303 1139 3369 demonstrabunt
1160 3305 1390 3393 Etymologum

240 3405 281 3470 M.
298 3406 477 3472 doctrinam
498 3411 639 3470 ueterem
661 3405 816 3488 praebere
839 3406 1006 3488 integram,
1030 3404 1180 3472 Photium
1194 3413 1307 3473 autem
1328 3429 1392 3476 cor·

240 3513 376 3605 ruptam,
400 3509 484 3573 aliae
504 3528 576 3573 cum
592 3507 712 3573 Suidac
727 3506 844 3589 glossis
860 3513 1064 3590 comparatae
1078 3508 1310 3590 palamfacient
1324 3530 1389 3578 eor-

240 3599 383 3691 ruptelas
398 3611 462 3674 iam
478 3611 511 3674 in
526 3611 613 3675 fonte
629 3609 776 3676 omnibus
791 3645 832 3655 —
847 3608 974 3691 Photio,
994 3609 1195 3694 Etymologo,
1211 3611 1336 3680 Suidae
1349 3646 1389 3661 -

240 3710 400 3776 communi
422 3710 596 3788 infuisscp.

327 3932 351 3995 1)
370 3928 411 3984 cf.
429 3929 555 3996 lexicogr.
565 3930 598 3984 V.
612 3929 697 3984 Beklr.
709 3928 791 3993 [AGr.
802 3928 824 3983 Ι.
837 3945 863 3996 p.
876 3933 934 3994 256,
948 3934 989 3994 18]
1001 3929 1050 3984 ubi
1059 3929 1152 3984 eadem
1164 3935 1281 3987 exstant.
1300 3933 1389 3991 Verbi

240 4014 422 4080 ἐπινέμεσθαι
439 4019 485 4067 καὶ
502 4019 612 4084 τρέφειν
620 4013 712 4068 Naber
728 4014 757 4067 in
769 4007 968 4081 ’ὕπονέμεσθοι
980 4020 1025 4066 καὶ
1037 4011 1138 4085 Sparsas?
1152 4019 1226 4070 recte
1238 4020 1390 4077 nemetim

237 4097 353 4250 mdemgl
371 4182 441 4239 Nam
459 4186 483 4239 si
500 4186 632 4255 probatur
650 4185 816 4255 corruptelas
833 4184 931 4241 Photio
949 4184 1086 4240 etSuidae
1104 4201 1257 4242 communes
1274 4188 1392 4273 insonte
