2856 4800
573 768 754 844 VITA.

173 1057 274 1122 Natus
298 1076 367 1122 sum
390 1057 522 1122 Carolus
539 1056 717 1122 Guilelmus
732 1055 888 1120 Henricus
905 1054 1044 1136 Heyden
1066 1054 1233 1139 Ostriciae,

104 1173 126 1218 n
152 1158 304 1240 oppidulo
334 1157 511 1240 Saronico,
540 1158 587 1222 ld.
611 1157 698 1241 Sept.
723 1177 751 1222 a.
772 1155 803 1219 h.
824 1176 848 1221 s.
872 1155 931 1219 LX
959 1163 1050 1241 patre
1076 1156 1233 1240 August0,

104 1273 183 1334 [uem
204 1264 278 1323 ante
301 1257 384 1323 hunc
406 1279 523 1323 annum
544 1263 747 1340 praematura
768 1261 869 1321 morte
892 1255 970 1320 mihi
996 1264 1139 1342 ereptum
1163 1277 1234 1325 esse

104 1356 294 1425 schementer
316 1359 426 1442 doleo,
459 1365 491 1424 et
518 1365 620 1424 matre
643 1358 803 1424 Guilelma
825 1363 960 1439 egente
983 1357 1141 1443 Philippi,
1173 1379 1236 1442 qua

104 1456 193 1525 tdhuc
215 1461 290 1524 uiua
312 1462 466 1542 saluaque
489 1461 628 1525 maxime
651 1459 787 1542 gaudeo.
829 1458 944 1523 Fidem
966 1458 1117 1542 profiteor
1139 1480 1234 1526 euan-

104 1560 232 1636 genuam.
269 1562 385 1627 Primis
401 1562 578 1627 litterarum
593 1561 759 1627 elementis
777 1560 852 1625 inde
871 1560 913 1624 ab
935 1579 1018 1625 anno
1041 1559 1072 1625 h.
1090 1580 1115 1626 s.
1131 1562 1236 1626 LXVI

104 1651 254 1744 Istricae,
278 1662 353 1727 dein
367 1663 408 1727 ab
424 1683 507 1728 anno
523 1662 623 1744 LXX,
647 1668 817 1744 postquam
834 1667 926 1744 pater
940 1661 1112 1726 Zittauiam
1135 1667 1235 1728 tram-

104 1758 253 1843 nigronis,
282 1764 327 1827 ibi
353 1764 493 1828 imbutus
523 1763 564 1826 ab
594 1770 743 1827 autumno
773 1763 848 1826 anni
870 1761 993 1826 LXXII
1023 1762 1089 1828 fere
1118 1783 1234 1829 nouem

104 1876 187 1929 nuos
202 1865 369 1946 gymnasio
385 1864 574 1929 Zittauicnsi
588 1864 727 1946 interfui,
748 1864 832 1928 unde
848 1863 1037 1928 maturitatis
1052 1865 1234 1930 testimonio

104 1968 256 2030 retractus
276 1972 420 2048 tempore
443 1965 589 2048 paschali
612 1967 687 2031 anni
702 1965 843 2028 LXXXI
864 1964 1008 2049 Lipsiam
1031 1984 1081 2030 me
1105 1967 1234 2031 contuli.

104 2055 210 2130 bidem
235 2087 292 2147 per
306 2067 384 2131 VIII
406 2068 572 2133 semestria
586 2067 700 2133 studiis
714 2065 889 2149 philologis
912 2084 1041 2150 operam
1062 2068 1180 2132 nauaui
1203 2073 1236 2134 et

104 2169 286 2248 'equentaui
316 2166 459 2249 scholas,
489 2188 568 2249 quas
597 2167 777 2232 habuerunt
803 2168 864 2232 uiri
895 2167 1071 2233 doctissimi
1097 2167 1233 2252 Curtius,

107 2266 254 2350 ckstein,
278 2268 517 2349 Gardthausen,
542 2270 679 2350 Heinze,
703 2268 919 2351 Hildebrand,
943 2268 1068 2351 Lange,
1092 2270 1231 2352 Lipsius,

104 2369 266 2451 uerbenis,
279 2368 435 2451 Ribbeck,
448 2368 611 2453 Springer,
627 2368 1065 2452 Strhmpell,Voigt,chck‚
1077 2369 1232 2435 Zarncke.

106 2470 216 2536 odalis
238 2470 459 2553 proseminarii
482 2469 640 2554 philologi
663 2469 707 2534 fui
731 2490 789 2554 per
811 2476 958 2552 quattuor
976 2471 1152 2553 semestria,
1175 2489 1233 2553 per

104 2582 150 2635 uo
173 2573 287 2651 senior,
311 2572 473 2636 seminarii
495 2570 653 2655 philologi
675 2591 733 2653 per
749 2572 812 2636 duo
830 2573 996 2637 semestria
1011 2570 1131 2639 sodalis
1149 2571 1233 2638 ordi·

104 2673 209 2752 arius,
244 2673 405 2736 seminarii
435 2671 578 2738 historici
608 2678 730 2738 rectore
762 2670 1005 2738 Gardthauseno
1038 2674 1144 2739 senior
1176 2693 1235 2756 per
1311 2744 1337 2759 μ

104 2779 234 2846 μιαῖῖυοτ
260 2774 440 2856 semestris,
469 2773 632 2838 seminarii
660 2773 873 2855 paedagogici
902 2779 1025 2838 rectore
1047 2773 1233 2840 Ecksteinio

106 2875 193 2938 enior
207 2875 248 2938 ab
263 2881 413 2939 autumno
429 2875 503 2938 anni
519 2873 692 2937 LXXXIII
715 2893 815 2955 usque
832 2872 874 2938 ad
889 2872 950 2939 hoc
965 2878 1099 2958 tempus.
1137 2874 1232 2941 Prac-

104 2991 177 3039 erea
195 2975 279 3056 quod
304 2974 583 3040 exercitationibus
606 2975 769 3040 societatis
791 2975 991 3056 antiquariae
1006 2975 1178 3057 Lipsianae
1201 2982 1233 3041 st

104 3074 273 3158 ›hilologae
289 3075 529 3141 Ribbeckianae
551 3096 609 3158 per
631 3081 722 3140 terna
744 3076 920 3157 semestria,
942 3075 1232 3161 palaeographIcae

104 3175 405 3242 iardthausenianae
428 3195 604 3261 perunum
627 3181 778 3242 semestre
801 3176 946 3258 interfui,
976 3175 1072 3242 ualde
1094 3176 1231 3259 gaudeo.

104 3275 210 3353 luibus
228 3279 374 3343 omnibus
392 3279 470 3344 uiris
492 3279 684 3344 doctissimis
706 3279 878 3360 praecipue
894 3277 1089 3360 EcksteInio‚
1112 3279 1232 3363 Lipsio,

104 3379 282 3462 tibbeckio,
316 3379 560 3446 Gardthauseno
592 3380 711 3462 optime
744 3378 786 3443 de
813 3398 864 3444 me
894 3380 1015 3446 meritis
1048 3381 1167 3463 gratias
1201 3386 1233 3447 et

104 3499 169 3544 unc
192 3501 253 3561 ago
277 3487 308 3544 et
330 3500 456 3564 semper
479 3481 604 3548 habebo
627 3501 723 3564 quam
745 3481 910 3545 maximas.
