2812 4822
123 333 186 392 174
567 334 701 388 Henricus
718 333 830 403 Heyden

124 509 392 573 commentatione
407 506 448 572 de
460 505 724 588 Harpocrationis
735 504 833 570 lexiei
846 505 986 570 fontibus
998 524 1067 588 cap.
1077 505 1114 569 V.
1127 507 1145 580 §
1157 508 1177 566 4
1189 523 1220 585 p.
1231 505 1273 565 07

125 605 167 672 de
189 608 254 673 illis
277 609 393 692 glossis
414 605 581 672 rhetoricis
604 624 703 688 agens
719 604 839 670 Naberi
862 612 1049 688 argumenta
1070 625 1133 670 uno
1156 605 1198 670 de
1214 623 1272 669 suo

126 707 238 775 addito
266 709 408 792 adoptat.
451 707 721 789 Argumentorum
743 712 849 772 autem
872 707 1011 789 primum
1033 706 1273 790 respiciendum

127 816 176 875 est
198 809 278 875 illud
300 809 442 892 Boyseni
464 809 634 874 censentis:

167 917 228 994 „et
256 908 365 975 Photii
395 907 500 985 λέξεις
529 916 561 976 et
589 911 713 993 glossas
740 908 916 977 rhetoricas
944 911 977 974 in
1006 910 1112 975 medio
1142 911 1272 991 Etymo-

126 1011 232 1094 logico
261 1011 303 1076 M.
327 1007 537 1094 desiderari“‚
568 1031 630 1095 quo
654 1031 696 1078 ex
719 1031 888 1095 consensu,
918 1031 1012 1094 quem
1035 1010 1273 1078 demonstrasse

125 1112 188 1178 sibi
209 1112 353 1196 uidetur,
383 1113 512 1197 Boysen
535 1112 634 1179 efficit
655 1113 811 1178 rationem
834 1113 995 1195 quandam
1018 1114 1099 1178 inter
1120 1112 1271 1178 Photium

125 1219 158 1279 et
172 1214 296 1297 glossas
311 1213 489 1281 rhetoricas
505 1215 712 1298 intercedere,
736 1215 854 1281 deinde
871 1215 956 1298 quod
972 1215 1081 1280 Naber
1096 1221 1127 1279 el
1142 1215 1272 1297 Boysen

124 1318 339 1382 consentiunt:

167 1436 299 1502 „omnes
322 1418 446 1502 glossas
469 1418 645 1484 rhetoricas
667 1419 701 1482 in
715 1416 831 1484 Photio
854 1417 960 1483 adhue
982 1437 1150 1500 superesse
1165 1436 1272 1500 neque

128 1521 299 1602 quicquam
316 1539 356 1586 ex
372 1519 488 1585 Photio
504 1520 537 1584 in
552 1520 668 1602 glossis
683 1518 850 1585 rhetoricis
866 1515 1011 1603 deesse“,
1028 1518 1167 1602 denique
1183 1519 1273 1602 quod

122 1620 222 1686 iidem
244 1626 401 1688 statuunt:

166 1723 312 1806 „glossas
324 1721 500 1788 rhetoricas
512 1741 584 1787 cum
593 1720 709 1788 Photio
721 1721 893 1787 convenire
903 1722 999 1787 etiam
1007 1722 1040 1786 in
1048 1718 1272 1806 corruptelis“.

207 1823 358 1907 Inprimis
381 1824 477 1906 igitur
491 1822 621 1888 'Naberi
644 1828 676 1888 et
690 1823 831 1905 Boyseni
854 1824 1012 1890 sententia
1034 1823 1128 1889 huius
1151 1824 1272 1890 disser-

108 1924 253 1992 'tationis
276 1925 382 2008 capite
404 1924 508 2007 primo
530 1923 611 1989 milri
632 1924 802 1990 refutanda
825 1931 882 2007 est,
910 1925 956 1992 ita
977 1925 1108 2009 quidem
1130 1933 1164 1990 ut

249 2029 268 2101 ξ
286 2030 314 2090 1.
338 2032 449 2093 contra
470 2025 654 2108 Boysenum
677 2024 859 2092 ostendam:

107 2209 109 2213 ¹
166 2126 297 2212 „Photii
320 2124 425 2202 λέξεις
446 2146 506 2209 per
526 2132 628 2192 totum
642 2126 902 2211 Etymologieum
917 2128 959 2192 M.
976 2129 1190 2210 aequabiliter
1205 2127 1273 2194 dis-

165 2248 298 2313 „persas
328 2247 433 2311 neque
463 2229 538 2294 ullis
567 2228 728 2295 formulis:
757 2220 851 2313 εὗρον
883 2224 916 2292 ἓν
939 2228 988 2312 τῷ
1009 2227 1173 2315 ῥητορικῷ
1197 2235 1272 2296 cett.

163 2348 257 2413 „esse
279 2325 440 2411 notatas“‚
1030 2382 1033 2389 .

250 2433 315 2506 §2
339 2437 449 2497 contra
470 2430 636 2496 Naberum
659 2436 690 2494 et
712 2431 897 2512 Boysenum
919 2429 1153 2497 demonstrem:

166 2531 268 2614 „duas
295 2531 420 2614 glossas
448 2531 664 2615 Etymologici
686 2531 728 2595 M.
751 2530 928 2597 rhetoricas
957 2533 990 2596 in
1012 2530 1128 2598 Photio
1158 2532 1274 2598 deesse

164 2634 332 2717 „aliasque
354 2633 455 2699 multo
470 2634 635 2699 uberiores
650 2633 683 2697 in
698 2633 922 2716 Etymologico
945 2634 986 2698 M.
1004 2646 1100 2715 quam·
1114 2635 1147 2698 in
1163 2633 1275 2698 Photii

184 2735 291 2801 lexico
314 2731 473 2816 exstare“‚

249 2837 312 2912 §3.
340 2841 451 2902 contra
472 2834 602 2901 eosdem
626 2833 826 2900 confirmem:

165 2938 413 3021 „Mtymologum
424 2937 466 3000 M.
479 2936 512 3000 in
526 2936 635 3002 multis
650 2935 765 3019 glossis
776 2935 945 3002 rhetoricis
955 2935 1126 3001 lectionem
1139 2943 1274 3018 rectam,

164 3037 337 3121 „Photium
358 3038 474 3103 falsam
496 3035 660 3119 exhibere,
688 3055 763 3119 ergo
787 3038 984 3120 corruptelas
1007 3037 1163 3119 quasdam
1187 3059 1275 3105 com-

164 3157 298 3221 „munes
321 3136 363 3203 ad
384 3139 505 3204 fontem
529 3156 729 3203 communem
752 3155 823 3203 esse
844 3134 1062 3203 referendas.“

106 3347 109 3353 Ι
206 3258 290 3323 Tum
313 3257 419 3340 capite
441 3256 544 3322 altero
560 3254 833 3322 demonstraturus
849 3275 929 3338 sum,
952 3257 1077 3339 glossas
1092 3256 1273 3325 rhetoricas

122 3355 165 3422 ad
193 3376 289 3422 unam
318 3376 429 3424 omnes
456 3355 656 3422 reuocandas
680 3375 751 3423 esse
773 3355 816 3421 ad
838 3358 947 3423 lexica
967 3356 1129 3424 rhetorica
1141 3360 1161 3434 ¹)
1184 3359 1276 3425 Aelii

122 3457 274 3541 Dionysii
296 3465 328 3524 et
349 3459 529 3525 Pausaniae
551 3458 772 3524 atticistarum.
817 3458 998 3542 Disputabo
1021 3465 1127 3524 autem
1149 3463 1217 3535 §ak

121 2731 161 2752 un.

120 2783 183 2817 vo„

209 3644 233 3706 1)
252 3639 316 3694 Mon
333 3654 426 3708 premo
444 3669 477 3678 —
495 3640 559 3708 quia
575 3639 646 3693 inter
658 3654 750 3694 omnes
764 3644 872 3695 constat
883 3671 916 3679 —
934 3639 1051 3708 primum
1062 3639 1133 3694 Aelii
1145 3639 1275 3710 Dionysii

124 3729 152 3780 et
164 3724 318 3779 Pausaniae
336 3739 420 3795 opera
438 3723 579 3792 permultis
596 3723 664 3778 locis
676 3724 711 3778 ab
723 3724 868 3779 Mustathio
881 3724 1013 3794 appellari
1024 3721 1115 3786 laland
1128 3724 1273 3795 ῥητορικάς

124 3809 159 3864 cl.
178 3809 255 3863 uerbi
273 3824 357 3864 causa
373 3809 423 3877 frg.
443 3807 544 3862 Rindfl.
562 3823 606 3862 no.
627 3812 667 3862 24.
688 3812 729 3864 52.
748 3813 806 3864 203.
827 3813 885 3864 251.
905 3813 962 3864 291.
982 3812 1030 3862 347
1049 3805 1200 3871 ubilaim&
1213 3813 1274 3884 ῥητ.

27 3885 30 3890 ’
102 3917 106 3948 .-
125 3908 186 3948 cum
203 3893 384 3948 atticistarum
403 3892 558 3948 nominibus
576 3892 720 3947 coniuncta
738 3898 803 3947 sunt
820 3881 851 3961 et
864 3893 914 3962 frg.
933 3909 978 3948 no.
998 3897 1040 3946 51.
1061 3895 1118 3947 143.
1139 3898 1198 3950 101.
1214 3901 1273 3951 118.

125 3981 183 4032 255.
203 3981 261 4032 276.
280 3982 338 4031 219.
358 3982 406 4032 293
425 3977 487 4033 coll.
506 3977 585 4032 Euat.
606 3981 680 4042 1280,
692 3982 731 4031 50.
752 3981 810 4043 408,
821 3983 845 4032 4.
865 3982 940 4045 1413,
951 3983 992 4032 30.
1013 3981 1122 4044 1944‚1.
1144 3983 1219 4048 1957,
1231 3987 1273 4037 62.

125 4065 199 4129 1406,
209 4066 250 4116 56.
270 4065 329 4128 310,
340 4067 381 4118 30.
399 4067 459 4129 455,
470 4066 511 4130 30,
529 4062 577 4118 ubi
593 4062 665 4116 inter
682 4059 735 4122 lai.
748 4062 807 4134 ῥητ.
818 4063 904 4119 uerba
922 4069 949 4119 et
967 4061 1077 4118 nomina
1089 4061 1277 4122 atticistarum
