2812 4822
115 321 177 378 184
558 316 691 372 Henricus
708 315 820 384 Heyden

113 491 197 554 inter
223 507 259 554 se
280 493 464 571 comparata
487 486 697 554 declarabunt
718 486 947 570 Etymologum
970 485 1102 568 quidem
1125 504 1184 550 sua
1207 483 1262 550 de-

113 591 191 656 bere
207 590 333 673 Photio,
355 588 506 654 Photium
527 589 663 655 fortasse
677 586 842 671 Hesychio
859 589 969 653 eiusue
984 588 1073 670 fonti,
1095 586 1261 669 haudqua-

113 713 219 775 quam,
244 690 329 774 quod
345 690 483 772 Boysen,
506 696 542 756 ut
556 690 664 755 Photii
679 689 851 772 uestigium
866 682 974 755 deleat
989 690 1022 753 in
1035 689 1261 774 Etymologico

112 794 154 859 M.
178 800 308 876 patens,
338 790 556 856 commendat:
586 792 814 874 Etymologum
836 790 1011 873 Hesychio.
1054 791 1130 873 lpse
1152 784 1261 856 autem

113 894 273 959 diiudices
295 893 421 957 illorum
445 893 553 960 uerbis
575 893 780 959 examinatis:

203 1027 376 1112 Hesychii:
626 1028 747 1094 Photii:
925 1030 976 1094 nt.
992 1029 1034 1094 M.
1049 1048 1081 1111 p.
1098 1030 1171 1110 468,
1184 1029 1241 1092 56:

112 1141 468 1231 ἱερὸςγάμος·ἑορτὴ
510 1137 864 1232 ἱερὸνγάμον·Ἇθιγ-
906 1137 1263 1232 ἱερὸνγάμον·Άθνγ·

109 1243 196 1323 Διὸς
217 1249 274 1312 καὶ
287 1239 411 1330 Ἥρας.
509 1261 599 1314 ναῖοι
632 1245 747 1334 ἑορτὴν
780 1243 865 1323 Διὸς
904 1259 995 1312 ναῖοι
1027 1243 1143 1332 ἑορτὴν
1176 1241 1264 1321 Διὸς

509 1339 864 1434 ὂίγουσικαὶἭραςὶε-
905 1339 1263 1433 ὂῖγουσικαὶἭραςὶε-

507 1447 869 1544 ρὸνγάμονκαίοῦννες.Δ
903 1445 1265 1537 ρὸνγοίμονκαλουντες.

196 1571 247 1636 Εἱ.
259 1572 300 1636 M.
317 1589 348 1653 p.
361 1571 434 1652 468,
449 1572 503 1634 36:
522 1568 739 1652 ἱερᾶσθαι·
757 1569 951 1654 ἱερουργεῖν·
968 1570 1022 1634 καὶ
1040 1565 1263 1652 Θουκυδίδης·

107 1663 205 1736 (κατὰ
229 1669 268 1757 δή
290 1695 366 1735 τινα
388 1667 539 1736 παλαιὰν
563 1669 674 1735 αἰτίαν
697 1663 735 1735 οὗ
757 1668 929 1757 καθαροὺς
951 1664 1050 1746 ὄντας
1066 1660 1265 1756 ἱεροῖσθαι).

112 1777 268 1856 σημαίνει
290 1769 327 1836 τὸ
353 1768 462 1858 ἱεροὺς
477 1773 693 1856 νομισθῆναι,
715 1775 771 1838 καὶ
788 1770 859 1838 οἱον
873 1773 1121 1856 καθιερῶσθαι.
1155 1770 1264 1850 Quam

111 1875 347 1959 expositionem
380 1873 549 1940 conflatam
583 1894 654 1941 esse
684 1895 726 1941 ex
756 1875 880 1941 duabus
909 1876 1025 1958 glossis
1055 1874 1095 1940 de
1124 1872 1264 1940 uocibus

111 1975 273 2061 ἱερᾶσθαι
296 1981 329 2042 el
352 1974 520 2057 ἱερῶσθαι
542 1976 661 2042 omisso
683 1978 785 2042 altero
808 1977 960 2042 lemmate
982 1982 1056 2059 post
1078 1973 1263 2059 ἱερουργεῖν

109 2079 245 2144 uerbum
277 2097 371 2144 nemo
398 2098 463 2144 non
492 2077 584 2143 uidet
596 2080 627 2155 ¹).
677 2079 756 2144 Pars
785 2079 873 2161 prior
901 2079 991 2145 cuius
1019 2077 1158 2143 auctoris
1188 2094 1263 2141 esse

109 2181 227 2264 possit:
245 2178 421 2263 ἱερᾶσθαι·
440 2177 629 2264 ἱερουργεῖν,
647 2179 819 2246 ostendunt
830 2185 863 2245 et
871 2179 1066 2262 Hesychius:
1081 2176 1261 2262 teodotion·

111 2279 301 2363 ἱερουργεῖν.
330 2281 387 2343 καὶ
415 2277 452 2344 τὸ
484 2278 664 2366 ἱερωσύνην
694 2277 778 2361 ἐ’χειν
802 2287 833 2346 οἱ
853 2280 1102 2364 lexicographus
1124 2277 1259 2345 Bachm.

112 2380 209 2466 [Aer.
230 2378 430 2466 I.260,17]:
456 2380 632 2467 ἱερᾶσθαι·
657 2381 848 2466 ἱερουργεῖν,
873 2402 1009 2465 quocum
1024 2380 1159 2447 Photius
1183 2401 1259 2446 con-

109 2485 206 2550 sentit
234 2485 293 2549 sub
323 2483 437 2549 eodem
466 2484 625 2550 lemmate.
670 2484 737 2550 Sed
765 2490 938 2566 antequam
966 2484 1056 2551 cuius
1078 2482 1261 2548 doctrinam

109 2585 321 2668 Etymologus
336 2585 378 2649 M.
393 2584 519 2668 reddat,
536 2586 763 2668 discernamus,
780 2587 993 2669 exploremus,
1010 2604 1092 2668 quae
1105 2584 1146 2650 de
1157 2585 1261 2650 uerbo

111 2685 279 2768 ἱεροῖσθαι
294 2687 358 2752 sint
373 2687 500 2751 tradita.
535 2686 718 2768 Hesychius
735 2686 833 2753 habet
847 2686 942 2754 haec:
960 2684 1142 2771 ἱεροῖσθαι·
1158 2682 1262 2749 θύειν

108 2783 280 2871 καθαροὺς
302 2780 402 2862 ὄντας
424 2794 457 2852 et
474 2787 620 2853 Photius:
646 2786 827 2872 ἱερεῦσθαι·
852 2787 937 2873 φησὶ
950 2784 1168 2872 Θουκυδίδης
1189 2781 1264 2851 (νο-

109 2895 266 2971 μίσαντες
294 2884 377 2952 κατὰ
408 2886 447 2973 δή
476 2912 551 2953 τινα
578 2884 729 2954 παλαιὰν
758 2887 869 2954 αἰτίαν
899 2881 937 2953 οὗ
964 2885 1136 2973 καθαροὺς
1159 2882 1265 2965 ὄντας

111 2982 299 3074 ἱερῶσθαί.
324 2994 479 3076 σημαίνει
500 2986 563 3074 γὰρ
584 2987 622 3054 τὸ
641 2987 749 3076 ἱεροὺς
764 2994 965 3074 νενομίσθαι
979 2992 1035 3054 καὶ
1051 2988 1123 3055 οἱον
1138 2994 1264 3055 καθιε-

111 3093 268 3177 ροῦσθαι.
314 3092 436 3171 Quibus
459 3095 606 3160 omnibus
628 3114 700 3159 cum
723 3095 908 3177 Etymologi
931 3095 972 3158 M.
989 3095 1099 3176 glossa
1121 3094 1262 3160 conlatis

109 3195 217 3262 nullus
245 3194 287 3261 de
316 3195 440 3278 origine
469 3194 660 3261 dubitationi
688 3197 778 3261 locus
807 3203 863 3262 est.
907 3196 1035 3260 Etenim
1062 3214 1262 3278 quamquam

110 3298 237 3379 glossae
260 3296 352 3361 initio
367 3296 551 3379 Hesychius
575 3302 607 3362 et
620 3296 870 3381 lexicographus
886 3296 1018 3364 Bachm.
1036 3295 1150 3362 eadem
1163 3316 1262 3379 prae-

109 3398 187 3463 bent
214 3403 309 3480 atque
330 3398 483 3481 Photius,
513 3404 547 3463 ut
568 3399 779 3481 Etymologus
808 3419 868 3465 sua
895 3399 1011 3466 eodem
1032 3398 1105 3464 'iure
1128 3417 1170 3464 ex
1193 3398 1263 3466 illis

110 3497 255 3564 hausisse
277 3496 343 3563 dici
357 3501 468 3582 possit,
492 3505 598 3565 tamen
615 3519 711 3581 quam
726 3501 868 3566 maxime
882 3504 1041 3585 repugnat
1054 3499 1158 3565 altera
1172 3519 1262 3583 pars,

109 3600 165 3666 uhi
193 3619 257 3664 non
286 3600 388 3665 solum
416 3600 472 3666 illo
495 3600 697 3685 Thucydidis
725 3603 813 3684 loco,
842 3624 955 3670 uerum
985 3601 1082 3666 etiam
1104 3602 1262 3669 extremis

109 3701 217 3766 uerbis
239 3701 410 3784 uestigium
432 3700 541 3768 Photii
563 3700 825 3795 deprehenditur.

198 3887 221 3948 l)
240 3883 369 3938 conferas
387 3883 559 3952 Sylburgium
580 3884 609 3936 in
628 3883 712 3937 Gaisf.
729 3883 774 3939 Et.
791 3885 831 3938 M.
845 3889 902 3956 ed,
920 3885 969 3954 qui
988 3882 1141 3938 adnotauit:
1160 3891 1208 3938 καὶ
1220 3887 1265 3956 sa]

109 3966 226 4023 fortasse
242 3967 344 4033 melius,
362 3963 377 4020 ὁ
396 3965 426 4020 δὲ
439 3970 532 4021 daea:
551 3973 583 4021 nt
600 3966 726 4022 uidelicet
744 3967 876 4037 ἱερᾶσθαι
893 3975 921 4030 et
934 3966 1071 4036 ἱερῶσθαι
1084 3968 1267 4028 aduersatiua

110 4051 301 4107 coniunctione
318 4052 486 4106 dirimantur.
