2812 4822
229 306 289 364 186
670 302 803 356 Henricus
822 302 932 372 Heyden

228 466 386 559 νεαλής·
409 480 528 561 κυρίως
544 469 560 539 ὃ
579 475 696 538 νεωστὶ
713 471 866 549 ἑαλωκώς
882 471 988 553 ἰχθύς,
1004 461 1025 558 ἢ
1041 467 1205 551 aihtedeis,
1229 467 1248 537 ό
1266 469 1376 554 πρόσ-

231 598 347 662 φατος.
372 576 618 658 lPraetermissis
647 575 887 661 lexicographis
915 576 973 658 iis,
1001 596 1134 658 quorum
1158 596 1199 640 ex
1223 576 1374 659 operibus

229 678 439 763 Etymologus
451 678 533 743 hanc
545 678 802 743 obseruationem
813 698 876 742 non
889 677 1008 743 hausit:
1024 677 1242 744 Antiatticista
1255 677 1371 752 (Bekh.

229 779 314 846 ΑΘΓ.
336 782 361 844 Ι.
384 801 415 864 p.
434 782 504 861 109,
523 774 583 863 13],
606 779 790 861 Phrynicho
812 774 859 854 (ἐκ
881 779 947 842 των
972 781 1135 862 Φρυνίχου
1158 779 1263 845 Bekk.
1287 778 1372 843 AGr.

227 881 252 944 l.
265 901 297 964 p.
311 883 361 962 52,
374 876 435 964 20],
447 880 617 946 Ammonio
634 877 817 964 [edValok.
833 901 865 964 p.
879 883 918 944 97
936 882 977 964 (p.
991 876 1066 964 95)],
1083 881 1276 964 Etymologo
1288 880 1372 945 (iud.

231 981 434 1047 eiusuefonte
444 979 568 1065 [p.lb3,
579 978 641 1066 38],
653 988 774 1047 restant
786 982 1019 1065 Harpocration
1029 977 1318 1065 [ed.Dind.p.212,
1328 978 1372 1065 3l:

223 1079 387 1167 νεαλής·
411 1086 634 1170 Δημοσθένης
657 1080 690 1147 ἐν
712 1085 760 1166 τῷ
775 1075 842 1146 κατ’
873 1076 1158 1169 Ἀριστογείτονος,
1183 1079 1212 1146 εἰ
1227 1080 1374 1167 γνήσιος.

225 1177 242 1247 ό
267 1180 387 1248 νεωστί
412 1182 566 1260 ἑαλωκώς
594 1176 698 1260 οότως
726 1182 852 1269 ἐλέγετο
881 1182 964 1249 κατὰ
992 1181 1188 1271 μεταφορὰν
1210 1181 1269 1268 τὴν
1301 1175 1372 1247 όιπὸ

226 1286 293 1348 των
309 1283 453 1370 spodos,
476 1286 673 1370 Hesychius:
696 1284 858 1370 νεαλής·
875 1287 991 1351 νεωστὶ
1010 1281 1162 1373 ἁλούσης.
1186 1286 1373 1360 νεαλεῖς·

222 1384 427 1473 πρόσφατοι.
450 1392 570 1473 κυρίως
591 1386 626 1451 δὲ
642 1384 781 1452 ἐπὶτῶν
797 1382 875 1452 ἁλσὶ
890 1390 1122 1471 παττομίνων,
1145 1394 1258 1455 auctor
1271 1386 1375 1453 lexioi

224 1489 262 1554 V.
278 1489 383 1555 Bekk.
407 1485 448 1574 [p.
465 1492 536 1572 282,
550 1486 615 1574 27]:
639 1487 799 1573 νεαλής·
823 1484 840 1553 ό
865 1491 984 1554 νεωστὶ
1007 1485 1159 1564 ἑαλωκώς
1183 1482 1291 1570 ἰχθός,
1316 1476 1372 1572 ἢὸ

221 1592 338 1653 νεωστὶ
353 1585 464 1654 ὁτιοῦν
472 1579 696 1677 πεποιηκώςῆ
708 1588 909 1674 πεπονθώςς
920 1588 1068 1674 Photiusf:
1082 1589 1236 1675 νεαλής*
1249 1595 1375 1673 κυρίως

220 1685 237 1755 ὁ
262 1693 380 1756 νεωστὶ
410 1689 563 1768 ἑαλωκώς
586 1691 698 1774 ἰχθύς·
729 1693 858 1776 λέγεται
881 1690 993 1757 δὲκαὶ
1017 1687 1034 1757 o‘
1059 1692 1175 1757 νεωστὶ
1202 1687 1373 1767 ἆλτσθείς.

308 1793 448 1871 Quorum
483 1795 802 1879 glossographorum,
837 1815 917 1878 quos
940 1796 1151 1878 Etymologus
1186 1795 1373 1861 exscribere

220 1897 340 1978 potuit,
369 1898 522 1980 lexicogr.
546 1897 583 1961 V.
612 1897 717 1962 Bekk.
741 1898 848 1963 statim
875 1897 1066 1979 obiciemus,
1090 1899 1169 1970 Icum
1199 1896 1269 1962 eius
1293 1895 1372 1963 doc·

215 1998 336 2062 ‚trinam
358 1999 568 2081 Etymologus
595 2000 660 2063 iam
681 2020 713 2082 p.
736 2001 842 2082 599,9
866 2018 956 2064 suam
978 1996 1157 2063 reddiderit
1178 2003 1226 2079 et,
1259 2018 1371 2080 quam·

223 2119 319 2181 quam
340 2100 396 2164 ille
417 2100 599 2182 admodum¹
614 2101 722 2184 inepte
740 2101 867 2166 lexicon
883 2099 1052 2182 condebat,
1074 2105 1182 2164 tamen
1197 2105 1285 2165 certe
1300 2119 1367 2165 non

220 2201 265 2265 ita
292 2221 371 2267 sana
400 2208 505 2268 mente
528 2204 681 2284 caruerit,
708 2209 743 2267 ut
765 2221 847 2284 quae
871 2203 967 2286 paulo
990 2207 1065 2266 ante
1087 2220 1129 2266 ex
1151 2201 1260 2283 aliquo
1284 2201 1369 2267 libro

220 2309 415 2386 sumpserat,
444 2302 557 2368 eodem
585 2305 652 2369 fere
681 2303 818 2370 dixerim
846 2309 1006 2369 momento
1035 2321 1076 2367 ex
1098 2302 1213 2367 eodem
1235 2309 1369 2368 auctore

220 2409 388 2488 repeteret.
422 2403 545 2483 Quibus
566 2406 744 2489 perspectis
766 2406 901 2470 alteram
915 2404 1099 2488 Etymologi
1121 2404 1264 2486 glossam
1281 2410 1371 2470 certe

219 2504 351 2571 fluxisse
374 2525 415 2570 ex
436 2506 536 2572 altero
559 2507 646 2572 fonte
670 2507 767 2572 etiam
790 2512 855 2571 tum
878 2506 1080 2571 statuendum
1097 2511 1191 2589 esset,
1214 2507 1243 2572 si
1257 2505 1371 2571 Photii

219 2603 337 2680 λέξεων
367 2604 536 2691 συναγωγή
567 2608 723 2690 periisset.
767 2608 880 2689 Neque
907 2608 991 2672 enim
1015 2626 1055 2672 ex
1079 2606 1235 2690 Hesychii
1258 2608 1371 2675 lexico

220 2728 325 2790 neque
348 2728 388 2774 ex
410 2709 673 2792 Harpocrationis
696 2729 809 2792 opere,
834 2729 967 2791 quorum
991 2709 1246 2792 expositionibus
1269 2708 1371 2775 dissi·

217 2813 303 2877 milis
331 2819 380 2878 est
401 2812 591 2895 Etymologii
612 2813 671 2878 iste
703 2812 784 2878 alter
812 2812 983 2895 articulus,
1012 2811 1070 2877 sed
1093 2812 1161 2878 solo
1185 2831 1226 2877 ex
1248 2811 1372 2878 Photio

217 2912 320 2996 fluxit,
345 2915 399 2995 qui
421 2914 554 2980 fortasse
577 2933 635 2980 sua
657 2913 756 2980 habet
777 2933 818 2980 ex
834 2914 961 2979 illorum
976 2913 1135 2997 operibus.
1170 2913 1277 2979 Unum
1295 2933 1370 2979 ner-

198 3007 304 3082 bum'
323 3022 499 3081 extremum
529 3007 728 3101 πρόσφατος
751 3017 977 3099 Etymologum
1000 3016 1041 3080 Μ.
1065 3014 1195 3081 aliunde
1218 3036 1248 3080 u.
1273 3037 1300 3081 ο.
1327 3036 1372 3081 ex

216 3117 372 3202 Hesychii
401 3119 509 3201 glossa
539 3117 720 3192 νεαλεῖς·
754 3114 950 3202 πρόσφατοι
983 3116 1170 3183 adiunxisse
1204 3118 1283 3183 satis
1319 3124 1370 3184 est

218 3220 402 3286 uerisimile.

300 3321 416 3386 Photlo
438 3321 535 3404 igitur
555 3322 588 3385 in
603 3320 665 3386 hac
681 3339 808 3403 quoque
823 3321 930 3386 littera
946 3322 1056 3403 agnito
1071 3319 1153 3386 haee
1169 3319 1367 3386 documenta

217 3421 343 3504 addam,
367 3443 385 3488 e
408 3423 523 3504 quibus
545 3421 633 3488 idem
656 3421 834 3506 apparebit.

302 3523 460 3605 Compara
488 3524 629 3605 glossam
657 3524 842 3607 Etymologi
863 3524 906 3588 M.
929 3544 959 3607 p.
977 3526 1050 3606 612,
1067 3525 1106 3586 30
1135 3529 1167 3588 et
1188 3522 1300 3588 Photii
1326 3522 1368 3589 de

216 3624 343 3707 sudore,
360 3643 455 3706 quem
469 3631 595 3707 uocant,
610 3625 709 3691 sicco:
727 3621 848 3710 ξηρός
864 3621 1003 3708 ἱδρώς·
1027 3618 1044 3688 ὁ
1061 3620 1105 3709 μὴ
1122 3618 1189 3687 ὑπὸ
1207 3622 1368 3708 λουτρῶν,

218 3717 284 3789 ἀλλ’
310 3719 378 3790 ὑπὸ
401 3730 592 3810 γυμνασίων
613 3726 668 3790 καὶ
692 3723 806 3790 πόνων
827 3724 1014 3810 γενόμενος,
1038 3732 1204 3807 utrumque
1227 3725 1271 3791 ad
1295 3746 1370 3792 uer·

218 3828 293 3894 bum
310 3828 487 3894 consentire
501 3827 639 3912 uidebis,
655 3829 769 3896 ceteris
780 3827 1019 3913 lexicographis
1031 3826 1112 3892 nihil
1125 3826 1369 3894 exhibentibus.

301 3931 416 4012 Neque
438 3931 570 3998 minoris
591 3932 686 4016 pretii
710 3937 759 3997 est
779 3930 887 3997 Photii
910 3931 1069 4015 expositio
1089 3928 1129 3995 de
1145 3949 1227 3995 uoce
1244 3921 1372 4015 ὀτρυ-

216 4029 404 4118 χηφόχον·
420 4029 478 4097 τὸν
492 4031 718 4119 κριθοφόχον·
733 4024 922 4116 Ἀρχίλοχος
937 4028 1021 4095 κατὰ
1034 4026 1251 4110 πλεονασμὸν
1263 4035 1327 4098 τοῦ
1339 4050 1372 4098 ο·
