2856 4800
313 323 499 393 {Quacsdones
517 323 551 376 de
568 322 646 378 Aelio
664 322 795 392 Dionysio
814 328 840 378 et
856 323 991 378 Pausania
1009 324 1144 379 atticistis.
1250 325 1307 386 177

121 512 124 550 ῑ
162 499 197 563 in
225 499 332 563 littera
350 519 369 560 κ
398 494 628 561 conscribenda
650 493 758 559 Photii
779 494 896 560 librum
918 497 959 561 ab
980 497 1174 579 Mtymologo
1197 497 1238 561 M.
1262 499 1308 564 in·

116 611 124 653 ὲ·
162 605 309 682 spectum
331 617 395 662 non
418 585 514 661 esse'.
558 593 686 660 Deinde
708 595 767 660 suh
789 593 848 660 litt.
873 618 885 658 ι
906 595 1073 665 Photianis
1096 616 1166 666 esse
1188 599 1308 666 similes

117 713 124 754 t
161 700 288 781 glossas
304 696 522 779 Etymologici
543 696 585 760 M.
608 695 841 779 undetriginta,
864 694 925 762 hoc
948 716 990 762 ex
1012 718 1143 766 numero
1158 699 1308 769 undecim

163 800 277 866 deberi
299 797 523 881 Etymologico
550 796 700 864 Gudiano
730 791 823 880 [ἱβις,
855 793 978 880 ἱννύαι,
1009 794 1181 880 ἰδνωθείς,
1211 801 1308 888 ἰ’(ἱρις,

165 896 296 977 taedeo,
321 897 449 980 ἱμαῖος,
474 897 607 982 ἱμείρω,
630 897 811 983 ἵππουρις,
836 896 940 978 ἰτέον,
964 893 1028 985 ἶφι,
1053 898 1227 987 ἰ’φθιμος],
1251 924 1309 971 sex

164 1001 272 1067 lexico
304 1001 414 1082 quinto
442 999 639 1082 Segueriano
664 995 825 1086 [ἱδιιότηςι
856 997 1034 1085 ἱερώσυνα,
1066 1000 1308 1087 ἱερομνήμονες,

166 1100 350 1187 ἱεροποιοὶ,
383 1098 455 1185 ἱερὰ
478 1093 565 1179 ὁδός,
594 1098 741 1186 ἱιαμόν],
771 1121 830 1168 sex
852 1101 1015 1186 Hesychio
1039 1099 1196 1187 [ἰάλεμος,
1221 1102 1310 1190 ἱερὸν

163 1201 277 1287 γάμον,
303 1199 485 1287 ἱερομήνια,
509 1199 677 1287 ἰθαγενής,
700 1201 810 1282 ἰἰινος,
828 1200 1057 1289 ἱσοφαρίζειν],
1072 1211 1193 1273 restare
1213 1207 1310 1290 igitur

116 1318 119 1323 ’
164 1307 250 1371 solas
266 1306 390 1387 glossas
407 1302 597 1388 ἰδιαίτερον,
613 1303 752 1388 ἵδρυσις,
767 1299 967 1387 Ἱερώνυμος,
985 1303 1115 1390 laedam,
1133 1305 1206 1393 ἱερὰ
1219 1309 1309 1392 συκῆ,

164 1402 369 1490 sospitatos,
394 1425 473 1487 quas
496 1407 613 1472 conicit
633 1426 698 1472 non
721 1426 762 1472 ex
784 1406 907 1491 Photii,
937 1407 995 1474 sed
1018 1428 1060 1474 ex
1081 1410 1146 1475 alio
1169 1408 1310 1493 quodam

116 1545 118 1587 ;
162 1507 270 1573 lexico
293 1527 451 1574 manasse.
485 1509 567 1572 Tum
590 1506 726 1574 eandem
749 1509 927 1590 glossarum
949 1510 1105 1575 rationem
1120 1511 1178 1576 sub
1194 1512 1309 1577 litteris

116 1651 118 1656 ·
164 1609 217 1689 λμ
232 1634 248 1672 ν
263 1606 280 1683 ξ
292 1631 308 1671 ο
322 1631 379 1692 ιιρ
403 1627 483 1691 esse,
507 1615 541 1672 ut
563 1608 685 1674 eisdem
708 1610 740 1673 in
762 1610 907 1692 partibus
929 1610 1056 1691 glossae
1072 1609 1249 1677 Photianae
1272 1632 1311 1679 ac

163 1716 260 1775 notae
289 1710 365 1774 illae
396 1709 511 1791 glossis
538 1710 726 1775 subiunctae
753 1701 848 1793 εὗρον
871 1707 919 1783 εἰς
940 1707 977 1773 τὸ
1003 1707 1129 1785 λεξικὶν
1151 1707 1188 1774 τὸ
1213 1710 1311 1796 ῥητο-

165 1808 257 1893 ρικόν
272 1816 345 1876 cett.
360 1830 491 1893 prorsus
506 1810 620 1877 desint.
656 1811 804 1892 Denique
820 1811 966 1891 quamuis
977 1810 1112 1878 Photius
1127 1813 1312 1894 patriarcha

166 1912 200 1977 in
222 1912 330 1978 medio
353 1912 576 1995 Etymologico
599 1914 639 1977 Μ.
664 1913 770 1979 sexies
793 1912 1164 1999 nominatimlaudctur,
1188 1915 1310 1979 nullam

164 2014 292 2079 illarum
315 2014 456 2095 glossam
480 2032 522 2079 ex
543 2014 648 2079 lexico
670 2012 779 2078 Photii
801 2014 935 2096 petitam
958 2033 1038 2096 esse,
1061 2012 1119 2081 sed
1140 2017 1247 2098 potius
1271 2034 1312 2080 ex

164 2115 305 2180 fontibus
328 2115 561 2199 etymologias,
583 2115 638 2180 ubi
653 2113 787 2181 Photius
811 2132 938 2196 quoque
953 2115 1134 2199 appellatus
1157 2108 1225 2182 sit'.
1253 2116 1311 2181 At·

164 2236 228 2298 que
250 2215 332 2282 haec
355 2215 484 2298 quidem
506 2216 645 2299 Boysen.

251 2318 295 2384 Ut
317 2323 423 2382 autem
440 2316 509 2380 eius
526 2316 644 2398 opinio,
669 2335 751 2397 quae
766 2317 962 2398 argumentis
978 2314 1150 2381 admodum
1172 2317 1311 2383 exilibus

165 2421 293 2500 nititur,
324 2418 571 2500 convelleretur,
603 2415 708 2481 denuo
736 2416 778 2480 dc
806 2415 922 2481 Photio
952 2417 1138 2499 Etymologi
1160 2417 1201 2481 M.
1225 2415 1312 2483 fonte

166 2519 393 2603 disputandum
421 2537 491 2584 esse
513 2516 594 2582 mihi
616 2518 793 2584 uidebatur.
839 2517 1031 2602 Comparaui
1054 2519 1151 2601 igitur
1172 2519 1312 2602 primum

166 2623 249 2687 inter
270 2641 305 2687 se
328 2620 436 2686 Photii
460 2627 491 2686 et
513 2620 697 2703 Etymologi
719 2620 760 2683 M.
783 2621 917 2702 glossas.
963 2621 1098 2687 Excussi
1121 2620 1255 2703 deinde,
1285 2621 1313 2686 si

165 2725 293 2805 glossae
324 2721 483 2804 quaedam
511 2719 619 2785 Photii
647 2726 679 2785 et
705 2721 889 2802 Mtymologi
917 2723 1143 2803 conspirabant
1170 2721 1212 2786 ad
1243 2740 1316 2799 uerg

166 2824 243 2889 bum
268 2856 304 2865 —
330 2822 449 2886 etenim
471 2821 596 2903 glossas
619 2839 684 2902 eas,
708 2838 791 2902 quae
812 2821 894 2885 inter
916 2839 951 2886 se
972 2822 1136 2903 paululum
1151 2819 1313 2903 discrepa-

167 2926 254 3006 bant,
282 2941 477 3005 quamquam
498 2923 531 2986 in
553 2941 645 2987 usum
667 2941 774 2987 meum
797 2927 983 2988 convertere
1005 2928 1165 3005 poteram,
1194 2930 1317 3006 tamen,

167 3032 203 3090 ut
224 3045 293 3090 rem
314 3025 512 3108 propositam
527 3043 623 3106 quam
639 3023 815 3089 certissime
831 3023 1053 3105 diiudicarem,
1075 3044 1204 3106 prorsus
1220 3042 1312 3107 prae·

168 3127 290 3192 termisi
311 3161 353 3170 -
377 3146 469 3192 omne
490 3127 772 3207 grammaticorum
788 3144 888 3207 genus
904 3126 958 3207 qui
974 3131 1046 3190 sunt
1061 3125 1189 3208 Moeris,
1212 3126 1312 3191 Hero·

168 3229 293 3312 dianus,
315 3228 442 3311 Pollux,
465 3227 678 3311 Phrynichus,
701 3227 945 3309 Harpocration,
969 3226 1161 3308 Hesychius,
1185 3226 1313 3289 Ammo-

168 3331 257 3412 nius,
281 3329 396 3412 Orion,
422 3327 647 3411 lexicographi
668 3327 812 3392 Belxlxeri
835 3334 867 3392 et
888 3326 1096 3408 Bachmanni,
1120 3325 1314 3393 scholiastae

168 3432 274 3515 Hom,
296 3430 462 3515 Aeschyli,
488 3428 598 3512 Soph,
621 3429 708 3510 Eur,
731 3428 834 3509 Dem,
856 3426 985 3510 Aesch,
1008 3427 1102 3511 Plat,
1126 3428 1213 3511 Luc,
1236 3429 1314 3511 Ety-

168 3519 317 3614 mologus
332 3531 527 3606 Gudianus1)
549 3535 622 3597 cett.
660 3530 743 3593 Tum
766 3527 904 3611 demum,
927 3549 997 3595 cum
1014 3528 1067 3595 hic
1081 3530 1203 3596 nullum
1218 3529 1314 3596 uesti-

170 3635 259 3716 gium
289 3632 376 3696 illius
405 3632 532 3714 glossae
553 3631 738 3714 Etymologi
761 3630 820 3715 M.,
848 3649 944 3712 quam
973 3652 1044 3698 cum
1067 3631 1174 3698 Photii
1204 3631 1314 3712 aliqua

171 3732 257 3810 λέξει
280 3733 451 3799 conuenire
473 3732 627 3817 uideram,
651 3733 704 3799 uel
718 3734 763 3798 nil
778 3733 883 3799 simile
899 3735 1030 3816 exstitit,
1054 3753 1125 3798 meo
1142 3733 1209 3796 iure
1225 3732 1314 3796 illam

257 3973 280 4034 1)
299 3969 340 4024 ef.
359 3968 414 4022 hui.
433 3967 497 4022 diss.
514 3984 542 4037 p.
555 3969 603 4020 176
621 3965 682 4021 adn.
696 3968 721 4019 3.
747 3965 843 4020 Adieci
860 3967 911 4020 hoc
928 3965 990 4020 loco
1007 3965 1222 4036 Etymologicum
1233 3967 1313 4037 Gud,

172 4065 206 4106 nc
224 4054 366 4120 quicquam
383 4052 547 4122 respondeat
563 4052 679 4121 Boyscn.
