2812 4822
200 324 263 384 224
642 319 777 374 Hemicus
795 317 906 388 Hspden

199 497 259 562 τοῦ
280 498 424 580 κρίμνον,
449 485 534 556 άλλα
555 495 592 555 τί
612 515 689 556 τινα
710 487 856 577 παράγει
876 489 931 554 καλ
954 486 1012 555 τὸν
1028 492 1197 575 κρίβανον,
1222 476 1261 562 ὅς
1283 482 1353 553 ἐστι
1382 484 1400 527 ·-“·

199 599 329 685 κριθιῦν
348 597 471 680 βαῦνος
491 596 644 659 τουτέστι
664 590 803 675 κάμινος
823 588 908 656 κατὰ
930 589 1087 656 Α’ίλιον
1109 585 1353 669 Διονύσιον,

199 697 238 776 άς
260 701 316 765 καὶ
337 697 490 781 κλίβανος
513 694 643 780 λέγεται
663 685 747 759 καθ’
773 688 956 781 ὁμοιότητα
981 694 1040 758 τοῦ
1061 692 1274 779 κεφαλαρχία
1300 714 1354 756 κε-

201 801 380 889 φαλαλγία.
417 792 521 873 ὡςδὲ
548 799 670 880 βαῦνος
698 798 755 861 καὶ
784 793 880 861 ἑστία
907 795 1036 879 λέγεται
1065 786 1085 859 δ’
1113 791 1187 860 ἔστι
1215 791 1355 876 κάμινος
1385 818 1397 827 ··

199 893 263 990 ἀφ’
288 893 328 987 ἧς
348 902 405 966 καλ
427 893 444 964 ὁ
467 897 651 983 βάναυσος,
680 892 700 984 ἡ
723 894 858 985 Δωρικὴ
886 894 920 962 ἐν
942 889 1194 982 Πελοποννήσῳ
1216 895 1355 981 γλῶσσα

198 1006 294 1088 μέχρι
321 1004 377 1067 καὶ
408 1002 464 1067 νῦν
495 999 599 1085 δηλοῖ.
650 1001 802 1067 Confusus
832 1005 1001 1086 praeterea
1031 999 1241 1066 suhoiiastam
1271 998 1356 1065 Plat.

198 1127 231 1190 p.
246 1104 351 1188 1760,
375 1104 430 1187 qui
453 1104 572 1170 similia
594 1102 701 1186 habet,
724 1101 812 1188 apud
834 1102 1036 1185 Gissiugium
1057 1102 1078 1166 l.
1092 1121 1118 1167 α.
1141 1121 1173 1186 p.
1188 1103 1240 1166 62.

287 1209 315 1272 3.
346 1206 395 1270 Et.
411 1205 453 1270 M.
475 1206 638 1291 p.35,10:
671 1201 869 1286 αἱμασιά·
896 1199 934 1268 τὸ
959 1197 994 1266 ἐκ
1012 1201 1157 1284 χαλίκων
1180 1193 1357 1288 ὦκοδομη-

199 1309 299 1391 μένον
327 1309 464 1387 τειχίον,
494 1299 594 1390 ἤχοιν
623 1303 785 1392 φραχμάς.
830 1296 899 1369 άπὸ
930 1305 990 1369 τοῦ
1019 1301 1251 1386 αἱμάττεσθαι
1276 1299 1359 1380 τούς

198 1403 464 1495 ὑπερβαίνοντας
496 1401 564 1472 ὑπὸ
594 1408 661 1472 τῶν
691 1404 908 1489 ἐπικειμένων
939 1397 1097 1471 ἀκανθῶν
1126 1417 1198 1482 τοῖς
1232 1416 1359 1492 σωροῖς

198 1511 267 1576 τῶν
282 1509 390 1574 λίθων
413 1503 470 1595 [ὥς
487 1506 580 1596 παρὰ
598 1506 790 1595 Νικάνδρῳ·
811 1503 995 1593 “τράχμαλά
1016 1499 1056 1571 θ’
1078 1504 1222 1590 αἱμασιά
1239 1530 1278 1572 τε
1298 1507 1359 1572 καὶ

200 1609 292 1686 ἰλύος
307 1602 492 1696 ἒρέοντες’].
527 1608 599 1676 ἐστι
619 1609 730 1676 δὲκαὶ
753 1607 906 1698 ῥητορικὴ
929 1604 950 1695 ἡ
967 1608 1064 1686 λέξις.
1099 1601 1205 1686 οὕτως
1223 1601 1358 1695 Ὠρίων.

120 1766 123 1771 .
198 1714 378 1780 Audiamus
400 1714 556 1780 attiuistas
577 1713 665 1797 apud
686 1714 766 1779 Eust
767 1712 890 1778 athium
912 1733 944 1796 p
960 1715 1051 1798 1851,
1065 1716 1123 1777 25·
1147 1708 1296 1795 αἱμασιά
1321 1708 1356 1776 δὲ

199 1811 302 1880 κατὰ
324 1810 419 1890 τοὺς
448 1811 661 1890 παλαιους
688 1818 812 1895 τειχίον
835 1811 869 1878 ἐκ
888 1804 1075 1894 χαλίκων”
1055 1836 1175 1895 ομοιον
1197 1813 1357 1900 φραχμῴ.

199 1917 256 1980 καὶ
279 1909 388 1991 άλλως
411 1913 447 1979 δὲ
468 1911 553 1979 κατὰ
574 1937 652 1990 τους
674 1905 794 1990 αὐτοὺς
816 1912 851 1978 ἐκ
869 1914 1014 1996 χαλίκων
1030 1911 1197 2000 οἰκοδομή,
1221 1918 1400 2068 τειχίονᾞ

199 2019 349 2101 θρίχκος.
386 2014 544 2092 Α’ίλιος
567 2014 609 2080 δε
630 2014 856 2091 Διονύσιος
879 2012 985 2081 εῑπων
1006 2016 1062 2080 καὶ
1086 2007 1199 2096 αὐτάς,
1223 2007 1280 2081 ὅτι
1303 2015 1357 2081 αι-

199 2115 309 2241 μασιολ
330 2114 368 2182 τὸ
393 2109 461 2182 άπὸ
483 2118 627 2199 χαλίκων
649 2122 771 2199 τειχίον
788 2115 921 2201 ἐπάγει·
945 2109 985 2202 ἥν
1007 2139 1095 2193 τινες
1116 2118 1173 2182 καὶ
1196 2110 1353 2204 αρπεζακ
1389 2133 1400 2171 i

200 2215 248 2297 ὥς
275 2221 332 2284 καὶ
348 2212 469 2294 Ἴωνες.
509 2217 605 2303 δηλοῖ
627 2217 664 2282 δέ
686 2240 770 2306 φησι
796 2219 895 2283 τοῦτο
917 2220 974 2284 καὶ
993 2212 1193 2305 Ἡρόδοτος,
1225 2219 1354 2303 quibus·
1388 2236 1400 2291 ‘i

200 2343 273 2391 uum
288 2321 444 2406 conferas,
468 2340 550 2403 quae
567 2321 754 2388 Eustaihius
770 2341 812 2387 ex
827 2321 975 2388 attiuistis
992 2320 1164 2405 descripsit
1180 2341 1213 2406 p.
1227 2322 1301 2404 883,
1314 2323 1352 2384 56
1389 2316 1400 2374 i

201 2431 234 2491 si
257 2426 350 2506 1959,
365 2425 416 2486 42.
461 2421 541 2487 Cum
569 2423 677 2506 priore
705 2428 813 2488 autem
841 2422 914 2489 louu
942 2420 1153 2489 Eustathiano
1183 2423 1353 2489 uonuinuni
1389 2438 1400 2481 u

137 2536 140 2542 '
200 2526 355 2607 luxiuogr.
371 2522 502 2588 Bauhm.
519 2523 635 2601 (Bekis.
647 2523 733 2589 AGr.
748 2544 780 2607 p.
794 2527 866 2607 356,
878 2524 910 2602 6)
933 2529 966 2590 st
981 2522 1098 2591 Suidas
1113 2544 1137 2591 s.
1151 2543 1181 2589 u.
1195 2521 1352 2606 αἱμασιά.
1390 2540 1400 2596 i

203 2624 321 2692 Omnia
342 2628 450 2689 autum
473 2643 515 2689 ex
535 2623 630 2690 Aelio
652 2625 810 2709 Dionysio
832 2626 987 2691 translata
1009 2631 1098 2709 sunt,
1127 2625 1244 2709 quibus
1265 2623 1353 2710 apud
1390 2610 1398 2669 ³³

200 2724 403 2792 Eusiaihium
424 2744 456 2807 p.
472 2726 564 2807 1851,
576 2727 618 2789 23
640 2727 706 2791 alia
721 2724 882 2808 quasdam
903 2724 1097 2792 antecedunt
1117 2727 1232 2810 prouul
1254 2724 1352 2793 dubio
1394 2720 1400 2784 ἓ

199 2827 344 2895 Aelianis
372 2827 529 2909 opposita.
574 2825 669 2904 Quod
697 2827 832 2893 efficitur
861 2847 903 2893 ex
931 2827 1039 2893 uerbis
1060 2825 1187 2903 Α’ίλιος
1209 2825 1246 2892 δὲ
1267 2829 1353 2894 Διο·’
1396 2850 1400 2891 ι

201 2925 315 3002 νύσιος
342 2922 448 2990 εῑπών
469 2927 525 2989 καί
549 2918 648 3002 αὐτός
752 2930 923 3015 papatis.
946 2934 1117 3011 postquam
1138 2929 1252 2998 Aelius
1274 2929 1353 2997 Dio·
1398 2952 1400 2979 =

198 3029 311 3113 nysius
333 3028 403 3111 ipss
425 3046 553 3111 quoqus
575 3028 618 3093 ds
640 3048 719 3095 uoce
743 3026 887 3111 αἱμασιά
909 3030 1009 3095 uerba
1036 3030 1113 3096 fauit
1142 3049 1245 3114 saque
1272 3030 1352 3115 iura,

200 3148 284 3213 quae
306 3126 499 3194 antecedunt
519 3149 584 3194 una
606 3149 679 3195 uum
699 3130 836 3196 formula
858 3127 943 3194 κατὰ
965 3127 1043 3207 τούς
1065 3128 1242 3216 παλαιούς,
1266 3151 1353 3200 uom-
1398 3156 1400 3161 ·

199 3234 356 3297 memorat
379 3234 452 3296 usit.
488 3229 573 3296 Hinc
594 3231 691 3314 igitur
713 3232 917 3298 manifestum
940 3238 989 3299 est
1009 3233 1180 3299 formulam
1200 3235 1273 3300 louo
1295 3254 1353 3300 no·
1398 3244 1400 3251 '

198 3333 295 3398 minis
310 3331 491 3398 Pausanias
507 3337 634 3399 exstare
651 3333 691 3398 ub
709 3353 845 3416 samque
860 3353 991 3400 causam
1005 3335 1232 3420 Etymologum
1249 3337 1354 3402 uerba

198 3429 237 3496 τὸ
262 3429 297 3495 ἐκ
315 3431 458 3511 χαλίκων
485 3452 588 3516 usqua
610 3434 653 3499 ad
675 3455 790 3501 uocem
812 3433 965 3521 φραχμάς
995 3456 1013 3503 e
1035 3437 1214 3504 Pausanias
1242 3438 1352 3505 lexico

199 3533 410 3617 excerpsisse.
454 3532 577 3611 Quas
567 3555 600 3599 m
622 3536 847 3620 Etymologiuo
870 3544 1034 3622 secuntur,
1061 3545 1134 3605 sunt
1156 3558 1198 3605 εκ
1220 3537 1352 3606 Orionis

197 3633 304 3701 lexiuo
326 3653 358 3718 p.
372 3636 402 3717 8,
416 3637 465 3698 19.

203 3752 208 3789 ;
282 3740 313 3800 4.
343 3736 394 3800 Et.
409 3735 451 3801 Μ.
473 3738 591 3820 ρ.2,33
605 3741 660 3801 44:
682 3735 969 3824 γλαφυρόν..
986 3739 1091 3808 εστι
1114 3738 1150 3805 δὲ
1171 3740 1228 3804 καλ
1250 3738 1354 3827 <ipro

199 3831 290 3918 ρικά·
307 3832 461 3921 γλαφυρὰ
477 3828 631 3923 φάρμιχξ,
647 3831 888 3927 ἦχεχλαμμένη
903 3864 945 3905 κα
948 3843 1225 3926 λκεκοιλαμμίνη.
1247 3864 1355 3906 κατα-

196 3954 381 4021 χρηστικως
402 3936 533 4020 λέγεται
559 3937 728 4027 γλαφυρὸς
756 3932 950 4061 ανθρωπος.
989 3944 1084 4038 παρὰ
1107 3967 1145 4008 το
1133 3931 1355 4027 χλάπτωι

197 4028 294 4122 παρά
314 4032 352 4100 τὸ
375 4033 494 4122 χλάφω
515 4034 640 4126 χλάφω,
663 4035 840 4129 γλάφος“
813 4063 860 4118 ως
876 4039 1033 4132 θράπτω
1054 4041 1194 4137 τρύφος.
1227 4037 1336 4110 uai‘
1309 4065 1357 4121 ως
