2812 4822
122 312 184 371 228
565 311 699 367 Hauricns
716 312 828 383 lleydsn

116 481 218 566 χιτών
241 480 349 564 παχύς
369 483 424 548 καὶ
448 479 581 569 τραχύς,
610 473 668 547 ἅτε
690 477 873 568 όγναπτος,
903 482 988 550 κατὰ
1010 483 1070 572 τὴν
1092 477 1273 573 ἀριστερὰν
1308 509 1313 538 r

116 597 212 672 χεῖρα
235 581 347 672 ῥαφὴν
362 576 419 649 ούκ
437 582 527 665 ἐ’χων,
551 575 636 648 διίἳ
659 586 715 650 καὶ
738 583 849 672 ἕτερον
869 583 1040 670 μόσχαλος
1061 571 1112 673 ήν.
1147 580 1274 674 ἆχειρλ-
1305 611 1313 644 ·÷

120 687 226 764 δωτος
249 685 285 751 δὲ
307 675 353 751 ὢν
374 682 452 761 τούς
475 679 586 767 ὤμους
607 697 747 771 παρεῖχε
772 683 914 771 γυμνούς
943 681 1110 774 δρᾶσθαι,
1141 681 1227 776 παρ’
1252 688 1272 754 d
1311 713 1313 719 ¹

119 791 175 855 καὶ
204 786 323 871 ἓξωμὶς
352 785 515 866 ἐκαλεῖτο,
546 779 584 852 ού
606 785 709 869 μόνον
733 786 769 852 δὲ
788 786 890 869 χιτών
911 783 931 875 ή
955 786 1075 873 ἐξωμὶς
1104 781 1191 855 ἀλλὰ
1216 793 1274 857 καὶ

119 890 308 978 περιβλημα
338 885 388 974 [of.
412 890 587 973 Freyerum
614 891 635 954 l.
649 910 675 956 o.
698 910 730 973 p.
747 894 810 954 264
833 889 906 957 adn.
924 888 964 977 3].
1014 890 1164 959 Omnium
1196 912 1273 978 ergo
1310 893 1313 919 ²

76 1037 78 1041 v
119 992 329 1078 expositionis
345 991 502 1057 Aelianas
523 991 695 1058 formarum
713 997 762 1058 est
776 992 962 1076 Etymologi
976 993 1017 1058 M.
1041 994 1218 1078 descriptio
1242 996 1276 1061 in

118 1096 227 1178 glossa
248 1094 409 1160 rhetorioa
434 1098 600 1159 asseruata
627 1094 724 1177 longe
753 1094 960 1178 integerrima
983 1100 1015 1160 et
1037 1097 1274 1180 copiosissima

204 1199 234 1261 9.
267 1196 317 1260 Et.
334 1195 376 1260 Μ.
399 1216 430 1279 p.
448 1196 519 1278 348,
535 1196 591 1258 48:
625 1191 812 1280 ἐξούλης·
843 1189 949 1277 όνομα
977 1193 1079 1282 δίκης.
1117 1195 1151 1262 οἱ
1181 1195 1276 1284 δίκην

118 1294 310 1382 νικήσαντες
333 1291 430 1380 [uulg.
445 1292 648 1381 κινήσαντες]
672 1286 759 1360 ὥστε
779 1287 964 1379 ἀπολαβεῖν
983 1295 1095 1381 χώραν
1113 1285 1136 1382 ή
1153 1295 1274 1378 οἰκίαν,

118 1397 238 1464 ἐ’πειτα
260 1389 452 1481 ἐμβατεύειν
465 1394 678 1478 κωλυόμενοι,
700 1385 722 1482 ἢ
745 1391 1005 1480 ἐμβατεύσαντες
1027 1395 1109 1484 [eod.
1125 1396 1172 1485 μή
1189 1397 1275 1487 ἐμβ]

119 1497 369 1581 ἐξελαυνόμενοι
392 1497 483 1584 δίκην
502 1495 674 1583 εἰσάγουσι
695 1495 783 1584 πρὸς
804 1496 882 1576 τούς
904 1497 1147 1582 ἐξελαύνοντας,
1170 1489 1193 1587 ἢ
1214 1494 1276 1567 ούκ

118 1599 242 1677 ἐῶντας
265 1597 473 1684 ἐμβατεύειν·
496 1602 552 1666 καὶ
569 1591 685 1685 αύτηή
704 1599 775 1687 δίκη
791 1600 942 1667 καλεῖται
964 1599 1099 1690 ἐξούλης
1122 1596 1193 1669 dard
1214 1606 1276 1670 τοῦ

118 1701 257 1779 ἐξίλλειν
285 1693 305 1767 ό
328 1699 399 1768 ἐστι
421 1699 569 1767 κωλύειν.
613 1700 652 1766 ολ
680 1698 756 1785 γὰρ
784 1703 964 1768 παλαιοὶ
992 1701 1030 1768 τὸ
1053 1703 1196 1770 κωλύειν
1217 1707 1275 1771 καὶ

116 1795 319 1869 ’ἀπελαύνειν
343 1801 483 1880 ἐξίλλειν
502 1800 623 1888 ἔλεγον.
658 1802 824 1890 ῥητορική.
862 1805 955 1873 Hane
976 1806 1165 1891 Etymologi
1187 1809 1273 1891 glos·
1310 1824 1313 1879 ῗ

119 1926 188 1973 sam
211 1907 347 1972 fortasse
361 1905 542 1972 Pausaniae
562 1924 632 1972 esse
655 1906 896 1989 restituendam,
919 1925 960 1972 ex
982 1907 1153 1974 Eustathio
1176 1907 1273 1975 disai-

117 2027 188 2074 mus
218 2003 269 2092 [of.
291 2012 459 2091 praeterea
480 2027 512 2089 p.
529 2008 601 2088 945,
618 2011 638 2069 4
661 2012 694 2072 et
714 2026 746 2089 p.
761 2008 853 2091 1353,
867 2003 918 2092 63]
946 2028 977 2091 p.
993 2011 1087 2092 1769,
1104 2011 1145 2072 34
1177 2005 1271 2094 [Rdfl.

116 2124 169 2176 no.
186 2104 276 2192 246];
388 2111 586 2182 Παυσανίας
614 2111 731 2194 φησίν,
760 2102 807 2183 ὥς
830 2156 904 2188 ...,
934 2105 1026 2173 καθὰ
1054 2110 1111 2174 καλ
1138 2107 1273 2198 ἐξούλης
1308 2144 1313 2183 ;

118 2210 203 2296 φησὶ
225 2205 304 2295 [soil.
321 2212 520 2282 Παυσανίας
547 2209 644 2291 paulo
667 2214 741 2274 ante
762 2206 923 2294 laudatus]
948 2208 1020 2296 δίκη
1042 2205 1062 2295 ἡ
1084 2212 1144 2297 τῆς
1167 2208 1271 2295 ἒξελρ-

119 2308 210 2387 ξεως.
247 2310 349 2376 Multo
366 2311 526 2394 eopiosior
542 2317 591 2377 ost
605 2310 851 2395 Harpocration,
875 2313 929 2393 qui
945 2311 1083 2378 eundem
1097 2316 1153 2380 uel
1171 2315 1270 2385 alium
1308 2340 1313 2365 ν

116 2413 237 2479 fontem
250 2418 349 2496 atque
364 2413 540 2479 Pausanias
556 2418 683 2479 secutus
700 2418 757 2478 est.
791 2412 871 2496 (lum
886 2413 1143 2498 Harpooratione
1161 2422 1269 2482 autom
1310 2424 1313 2443 ²

118 2515 276 2580 oonsentit
303 2512 420 2579 Suidas
448 2516 491 2596 gl.
512 2517 549 2597 2,
580 2534 651 2580 oum
680 2515 871 2598 Etymologo
899 2515 985 2581 idem
1013 2517 1056 2600 gl.
1074 2519 1102 2582 3.
1152 2517 1269 2585 Aliena
1309 2569 1313 2611 3

65 2699 67 2704 Δ
115 2615 250 2700 praebet
278 2615 346 2681 eius
375 2616 483 2698 glossa
512 2616 616 2700 prior,
650 2615 793 2698 itemque
823 2616 1072 2701 lexicographus
1094 2619 1133 2684 V.
1161 2619 1266 2686 Bekln
1310 2628 1313 2641 '

117 2738 149 2801 p.
162 2721 234 2802 252,
249 2721 288 2781 15
312 2723 345 2782 et
366 2722 477 2782 auctor
499 2717 597 2783 lexioi
619 2717 673 2782 IV.
697 2717 802 2782 Bekk.
825 2738 856 2802 p.
871 2720 942 2802 188,
954 2724 982 2783 7.
1311 2738 1313 2743 ·

202 2822 251 2882 10.
277 2818 328 2882 Et.
345 2818 386 2882 M.
409 2837 440 2901 p.
454 2820 525 2900 199,
537 2820 594 2883 23:
615 2815 809 2901 βλαισός·
832 2818 1068 2904 παραλυτικός.
1099 2812 1206 2898 ούτως
1221 2819 1269 2898 εἰς

115 2917 153 2984 τὸ
171 2915 354 3004 ῥητορικόν.
388 2917 533 2985 Eandem
548 2921 688 3002 glossam
704 2921 881 3005 reperimus
896 2922 984 3005 apud
1002 2923 1269 3008 lexicographum

115 3020 247 3088 Baohm.
265 3015 406 3104 [Baohm.
419 3020 503 3087 AGr.
519 3023 544 3087 Ι.
560 3041 591 3105 p.
602 3024 673 3106 180,
687 3019 715 3107 3]
740 3028 771 3088 et
790 3023 877 3105 apud
893 3023 1036 3109 Suidam,
1061 3026 1116 3108 qni
1135 3025 1268 3094 adinno-

115 3129 182 3188 tam
203 3122 302 3188 habet
325 3122 580 3189 obseruationem
604 3122 645 3189 de
668 3123 850 3190 differentia
872 3125 1105 3193 adiectiuorum
1126 3125 1270 3210 βλαισός

115 3231 148 3292 et
181 3219 297 3309 ῥαιβός
330 3222 419 3290 hisee
452 3225 575 3291 uerbis:
608 3227 631 3307 β
639 3222 760 3290 λαισό
768 3241 802 3300 ς·
837 3225 1072 3310 παραλυτικός.
1111 3226 1270 3316 διαφέρει

114 3320 255 3408 βλαισδς
279 3323 335 3388 καὶ
365 3322 499 3409 ῥαιβός·
526 3320 544 3390 ό
568 3324 629 3407 μὲν
652 3317 720 3391 ἇπό
744 3328 811 3391 τῶν
831 3324 980 3411 γονάτων
1008 3327 1270 3415 διεστραμμένος

114 3423 193 3500 τούς
222 3423 348 3500 πόδας·
379 3419 396 3490 ὁ
422 3423 457 3490 δὲ
481 3417 584 3502 αύτὰς
605 3424 665 3503 τὰς
686 3425 820 3513 κνήμας.
865 3429 984 3497 Omnes
1006 3431 1269 3519 glossographos,

118 3547 199 3610 quos
227 3529 488 3612 commemoraui,
519 3530 670 3612 colligam
693 3529 779 3596 Aelii
800 3531 950 3615 Dionysii
978 3533 1107 3599 lexicon
1134 3533 1268 3619 adiisse,

117 3649 158 3695 ex
181 3648 244 3713 quo
267 3628 451 3696 Eustathius
474 3629 596 3712 hausit,
620 3650 702 3713 qnae
725 3638 852 3698 exstant
874 3635 990 3718 polo,
1002 3636 1060 3698 46:
1167 3626 1270 3720 αἰπή-Ι

115 3730 196 3795 λιον.
234 3726 272 3794 τὸ
297 3727 333 3794 δὲ
354 3714 394 3815 ήν
418 3728 522 3815 δέρμα
544 3731 624 3815 περὶ
645 3729 706 3808 τὰς
728 3726 828 3813 όψεις
849 3735 916 3799 των
938 3732 1066 3813 ἵππων,
1094 3726 1141 3812 ὥς
1164 3758 1271 3824 φησιν

114 3828 270 3905 Α’όλιος
291 3828 538 3911 Διονύσιος,
567 3822 651 3917 ὅπερ
675 3832 708 3897 οἱ
729 3836 892 3918 scopulos
913 3832 1081 3920 πόρωπον
1104 3836 1270 3921 λέγουσιν.

115 3928 224 3997 ἰστέον
247 3930 283 3996 δὲ
305 3922 373 4011 ότι,
402 3922 517 4014 ὥσπερ
539 3933 668 4017 γελοῖον
690 3950 885 4021 καταγαγεῖν
908 3934 958 4012 εἰς
980 3933 1089 4014 πόδας
1109 3935 1150 4004 τὸ
1173 3933 1272 4005 ύπιό-

114 4055 194 4099 πων
210 4024 297 4097 ούτω
311 4034 367 4098 καὶ
382 4030 420 4099 τὸ
438 4025 613 4119 ἀναγαγεῖν
635 4032 683 4111 εἰς
706 4027 908 4123 ὀφθαλμούς
930 4034 971 4104 τὸ
990 4035 1116 4124 ῥαιβόν.
1153 4040 1271 4129 ῥαιβολ
